3025 4776
391 291 510 346 104

380 584 475 636 ser.
493 585 547 627 Δ.
567 583 617 627 P.
638 584 726 627 ne.

393 1720 465 1761 m.
486 1720 534 1761 C.
554 1720 593 1762 3.
612 1720 675 1761 24.
694 1720 762 1761 28.

395 2583 486 2616 are.
506 2572 558 2615 Ε.
573 2573 611 2615 2.
633 2574 669 2615 1.
689 2573 779 2615 252.

404 3189 501 3222 aut.
519 3176 571 3221 E.
591 3178 630 3220 8.
650 3179 790 3221 Lm

1018 3989 1055 4016 'n

1237 286 1304 365 Q.
1349 290 1670 349 HORA'H
1700 291 2004 351 FLAOOI

1079 458 1370 524 Cornicis
1396 459 1629 525 vetulae
1655 460 2049 545 temporibus
2079 461 2335 546 Lycen:
2397 542 2406 547 .

1080 568 1352 633 Possent
1380 577 1455 634 ut
1472 571 1744 654 juvenes
1772 572 1973 636 visere
2001 572 2249 652 fervidi,

1164 680 1388 745 Multo
1414 701 1551 745 non
1579 682 1715 746 sine
1743 676 1899 762 risu,

1250 790 1586 877 Dilapsam
1613 792 1684 857 in
1713 793 1957 859 cineres
1985 792 2208 859 facem.

1708 1228 1899 1295 XIV.

1082 1374 1254 1441 Qua!
1284 1394 1436 1438 cura
1464 1376 1756 1456 Pati-m,
1789 1397 2007 1459 quaeve
2040 1377 2417 1457 Quiritium,

1080 1483 1304 1547 Plenis
1331 1484 1654 1549 honorum
1681 1488 2056 1552 muneribus
2084 1496 2252 1567 tuas,

1161 1594 1480 1675 Auguste,
1512 1596 1782 1660 virtutes
1809 1597 1882 1661 in
1909 1618 2116 1661 aevum

1252 1704 1379 1767 Per
1406 1703 1633 1768 titulos
1660 1726 2099 1788 memoresque
2127 1705 2326 1770 fastos

1080 1847 1403 1926 AEternet,
1435 1848 1519 1925 0,
1552 1867 1680 1929 qua
1706 1847 1802 1910 sol
1828 1846 2214 1913 habitabiles

1077 1957 1378 2022 Illustrat
1407 1977 1570 2034 oras,
1599 1957 1878 2021 maxime
1905 1956 2268 2042 principum
2290 1959 2321 2023 ?

1168 2068 1382 2136 Quem
1410 2067 1570 2151 legis
1599 2075 1891 2151 expertes
1919 2067 2173 2133 Latinae

1252 2177 1578 2243 Vindelici
1607 2178 1881 2243 didicere
1909 2199 2134 2264 nuper,

1083 2327 1260 2396 Quid
1287 2326 1508 2391 Marte
1538 2347 1774 2411 posses.
1865 2327 2082 2392 Milite
2109 2348 2265 2392 nam
2292 2334 2410 2394 tuo

1076 2440 1334 2503 Drusus
1367 2440 1739 2517 Genaunes,
1766 2438 2183 2523 implacidum
2213 2460 2436 2523 genus,

1164 2550 1584 2632 Breunosque
1612 2549 1878 2628 veloces,
1910 2556 1976 2613 et
2006 2570 2184 2614 arces

1252 2657 1530 2743 Alpibus
1556 2659 1887 2743 impositas
1915 2658 2284 2740 tremendis,

1078 2808 1334 2892 Dejecit
1364 2829 1510 2873 acer
1536 2809 1682 2893 plus
1709 2809 1847 2875 vice
1876 2810 2185 2895 simplici3

1081 2919 1303 3002 Major
1329 2919 1671 2984 Neronum
1698 2942 1849 2985 mox
1877 2942 2068 3005 grave
2097 2921 2395 3007 proelium

1167 3028 1529 3108 Commisit,
1559 3030 1999 3114 immanesque
2030 3034 2251 3097 Raetos

1251 3139 1581 3224 Auspiciis
1607 3141 1854 3225 pepulit
1882 3140 2208 3206 secundisz

1080 3290 1481 3374 Spectandus
1508 3290 1579 3354 in
1609 3290 1956 3356 certamine
1983 3292 2250 3367 Martio,

1079 3385 1333 3466 Devota
1360 3402 1556 3466 morti
1584 3399 1842 3486 pectora
1867 3401 2086 3469 liberae

1170 3511 1453 3578 Quantis
1480 3511 1780 3596 fatigaret
1808 3513 2051 3578 ruinis:

1253 3622 1615 3688 Indomitas
1644 3644 1839 3709 prope
1870 3624 2075 3707 qualis
2102 3624 2306 3689 undas

1080 3775 1353 3840 Exercet
1381 3777 1644 3854 Auster,
1675 3775 2014 3841 Pleiadum
2043 3774 2238 3840 choro

1086 3883 1431 3950 Scindente
1460 3884 1666 3947 nubes
1692 3909 1706 3948 ε
1755 3884 2025 3967 impiger
2051 3883 2338 3950 hostium

1166 3997 1417 4060 Vexare
1445 4002 1716 4073 turmas,
1748 4002 1814 4059 et
1842 3994 2221 4060 frementem

1251 4105 1523 4170 Mittere
1552 4126 1789 4188 equum
1818 4105 2062 4169 medios
2089 4125 2204 4189 per
2230 4105 2431 4190 ignes.

1346 4270 1427 4318 28.
1455 4268 1740 4331 delapsum.
2007 4270 2055 4317 4.
2092 4269 2278 4318 fastus.

2729 418 2864 525 25'

2733 2443 2818 2505 10

2730 3036 2808 3098 15

2728 3628 2810 3690 20
