3025 4776
1242 261 1572 319 EPODON
1640 259 1797 316 XVI.

1185 544 1333 606 XV.

440 682 587 745 Nox
621 687 779 758 erat,
811 685 876 742 et
904 678 1057 742 caelo
1084 677 1370 761 fulgebat
1402 679 1591 741 Luna
1619 696 1843 741 sereno

530 792 716 855 Inter
741 775 994 852 'minora
1021 788 1247 865 sidera,

443 902 609 966 Cum
640 909 734 979 tu,
767 919 1159 982 magnorum,
1181 918 1422 961 numen
1450 897 1682 961 laesura
1709 896 1998 977 deorum,

528 1010 613 1072 In
641 1008 831 1074 verba
851 1007 1117 1090 jurabas
1144 1028 1309 1086 mea,

313 1124 352 1182 5
382 1154 383 1157 ¹
442 1121 668 1184 Artius
698 1128 889 1203 atque
917 1118 1153 1182 hedera
1178 1139 1438 1202 procera
1470 1118 1892 1202 adstringitur
1919 1118 2064 1197 ilex,

530 1229 755 1293 Lentis
786 1228 1115 1292 adhaerens
1143 1227 1496 1306 bracchiis;

445 1337 621 1400 Dum
650 1338 864 1421 pecori
891 1336 1102 1421 lupus,
1134 1346 1200 1403 et
1229 1339 1441 1402 nautis
1470 1338 1741 1402 infestus
1770 1339 1973 1404 Orion

535 1447 849 1511 Turbaret
877 1448 1219 1513 hibernum
1249 1471 1446 1528 mare,

450 1556 879 1641 Intonsosque
910 1558 1181 1641 agitaret
1211 1557 1525 1642 Apollinis
1555 1579 1707 1621 aura
1736 1558 2014 1642 capillos,

277 1668 361 1729 10
533 1668 694 1731 Fore
723 1667 896 1731 hunc
926 1690 1208 1733 amorem
1239 1677 1562 1733 mutuum.

260 1764 269 1774 ’
448 1778 506 1842 O
536 1777 813 1841 dolitura
840 1799 986 1842 mea
1014 1780 1293 1843 multum
1322 1780 1559 1843 virtute
1587 1779 1841 1857 Neaera‚

530 1888 725 1966 Nam,
759 1889 813 1951 si
843 1889 1000 1972 quid
1028 1890 1098 1952 in
1128 1890 1355 1953 Flacco
1386 1886 1587 1968 viriet,

447 1999 600 2062 Non
629 1999 793 2064 feret
824 2001 1109 2063 assiduas
1138 2002 1367 2084 potiori
1395 2008 1461 2065 te
1492 2001 1644 2065 dare
1677 2007 1916 2078 nocteS,

533 2110 621 2172 Et
651 2117 895 2193 quaeret
924 2112 1128 2174 iratus
1155 2133 1398 2194 parem,

282 2223 360 2283 15
448 2221 588 2285 Nec
618 2223 815 2285 semel
845 2222 1099 2287 offensae
1129 2224 1312 2288 cedet
1341 2225 1703 2289 constantia
1731 2224 1972 2302 formae,

538 2331 608 2395 Si
639 2339 849 2396 certus
878 2333 1132 2398 intrarit
1162 2334 1359 2414 dolor.

446 2443 534 2505 Et
562 2448 657 2519 tu,
691 2443 1075 2528 quicumque
1104 2466 1171 2509 es
1201 2446 1442 2509 felicior
1472 2454 1664 2530 atque
1695 2466 1838 2510 meo
1868 2467 2040 2510 nunc

538 2552 863 2635 Superbus
890 2554 1132 2618 incedis
1165 2558 1355 2635 ma10,

461 2663 563 2726 Sis
591 2684 814 2746 pecore
844 2672 909 2727 et
937 2649 1147 2729 multa
1175 2666 1349 2730 dives
1379 2667 1606 2731 tellure
1634 2666 1873 2746 licebit,

278 2773 363 2834 20
534 2773 804 2856 Tibique
839 2774 1136 2838 Pactolus
1166 2775 1344 2853 fluat,

448 2884 592 2947 Nec
620 2890 688 2947 te
718 2883 1101 2968 Pythagorae
1130 2885 1356 2949 fallant
1386 2907 1617 2950 arcana
1645 2886 1874 2965 renati,

535 2993 891 3075 Formaque
920 2994 1134 3058 vincas
1162 2996 1363 3060 Nirea
1378 3022 1399 3074 5

434 3101 673 3190 Eheu!
725 3103 1066 3167 translatos
1097 3105 1223 3169 alio
1254 3106 1543 3170 maerebis
1573 3126 1818 3169 amores
1845 3132 1858 3170 :

418 3228 422 3231 ⁴
533 3214 658 3275 Ast
687 3234 804 3296 ego
835 3213 1110 3278 vicissim
1141 3217 1358 3282 risero.

1184 3609 1372 3674 XVI.

449 3736 722 3800 ALTERA
743 3739 881 3821 jam
911 3740 1141 3803 teritur
1168 3741 1353 3805 bellis
1383 3743 1673 3807 civilibus
1702 3750 1876 3823 setas,

539 3847 689 3910 Suis
719 3857 785 3912 et
813 3849 951 3933 ipsa
982 3853 1193 3914 Roma
1220 3852 1458 3916 viribus
1486 3855 1620 3918 ruit
1647 3880 1660 3918 ε

455 3957 670 4021 Quam
701 3980 909 4041 neque
938 3961 1197 4024 finitimi
1227 3963 1564 4027 valuerunt
1591 3964 1852 4048 perdere
1883 3968 2108 4046 Marsi,

538 4068 818 4133 Minacis
848 4079 959 4134 aut
992 4073 1267 4136 Etrusca
1296 4075 1593 4137 Porsenae
1623 4097 1871 4156 manus,

404 4237 489 4275 xv.
524 4227 574 4278 5.
609 4230 937 4291 astringitur.
1074 4231 1153 4277 12.
1178 4230 1275 4277 viri
1297 4236 1392 4279 est.

1531 4235 1608 4281 14.
1632 4237 1837 4296 quaerit.

1972 4238 2051 4291 17.
2085 4244 2156 4289 at.

2577 258 2684 311 125

2289 807 2326 836 a.
2346 794 2397 837 C.
2417 795 2456 837 1.
2476 796 2539 837 12.
2556 796 2621 837 48.

2288 1025 2327 1061 4.
2347 1010 2428 1061 Ep.
2448 1010 2511 1053 16.
2531 1010 2595 1052 25.

2289 1135 2327 1178 ς.
2348 1126 2396 1168 C.
2415 1126 2452 1168 1.
2471 1128 2536 1168 86.
2555 1127 2618 1167 20.

2288 1242 2375 1283 len.
2396 1242 2438 1283 8.
2458 1242 2496 1282 1.
2515 1243 2554 1282 9.
2573 1240 2640 1284 64.

2287 1315 2378 1365 lup.
2399 1315 2479 1366 Ep.
2499 1318 2538 1357 4.
2559 1317 2596 1356 1.

2291 1367 2383 1407 vri.
2405 1367 2454 1408 C.
2473 1369 2512 1408 8.
2531 1368 2596 1409 27.
2618 1366 2682 1408 18.

2288 1581 2369 1622 ini.
2390 1580 2438 1621 C.
2457 1579 2497 1623 1.
2515 1580 2579 1622 21.
2599 1581 2638 1621 2.

2286 2025 2383 2076 pot.
2401 2023 2450 2065 c,
2470 2024 2508 2064 a
2528 2023 2567 2063 ο.
2586 2024 2626 2064 2.

2295 2816 2358 2846 no.
2380 2802 2431 2844 E.
2452 2802 2489 2843 1.
2510 2802 2571 2842 12.
2589 2803 2630 2843 9.

2295 2929 2389 2960 ren.
2410 2917 2457 2959 C.
2478 2917 2599 2968 1328.
2624 2917 2688 2960 10.

2298 3046 2358 3077 22.
2380 3034 2427 3075 Ο.
2448 3036 2486 3076 3.
2505 3034 2568 3074 20.
2590 3035 2653 3076 15.

2298 3902 2335 3931 a.
2355 3890 2435 3941 Ep.
2455 3890 2493 3932 ⁷.
2516 3889 2578 3930 10.

2297 4018 2336 4056 3.
2357 4007 2404 4047 c,
2424 4008 2462 4048 3.
2485 4004 2631 4072 ¹⁴:¹⁸·
