3025 4776
314 529 403 592 20

321 1132 407 1191 25

341 2970 421 3029 10

343 3543 421 3602 15

342 4120 432 4181 20

349 4277 445 4312 111.
479 4263 560 4313 25.
584 4279 719 4313 oum.
820 4262 901 4312 28.
936 4265 1172 4324 occupat.

1047 246 1501 325 *CARMINUM
1569 248 1726 307 ΜΒ.
1770 249 1856 305 H.
1899 249 2021 308 xiii.

577 415 942 482 Ludentem
969 416 1193 481 nitidis
1220 416 1592 499 virginibus,
1618 438 1798 482 sacro

924 526 1153 590 Dianae
1182 525 1445 590 celebris
1476 526 1602 590 die.

575 661 761 725 Num
790 667 886 738 tu,
918 681 1062 743 quae
1091 660 1304 723 tenuit
1332 659 1507 723 dives
1537 658 1980 739 Aehaemenes,

575 772 715 834 Aut
742 770 997 854 pinguis
1025 770 1328 854 Phrygiae
1356 769 1748 853 Mygdonias
1776 790 1925 854 opes

580 881 959 945 Permutare
987 881 1142 943 velis
1171 880 1346 944 crine
1375 879 1755 963 Licymniae,

927 992 1160 1055 Plenas
1191 999 1303 1055 aut
1331 992 1623 1055 Arabum
1653 992 1877 1057 domos
1896 995 1926 1057 ’ἓ

581 1127 760 1190 Dum
788 1125 1126 1208 flagrantia
1154 1126 1491 1209 detorquet
1521 1126 1601 1189 ad
1631 1128 1848 1191 oscula

585 1234 932 1312 Cervicem‚
965 1243 1077 1297 aut
1105 1234 1278 1298 facili
1308 1235 1554 1299 saevitia
1579 1244 1794 1320 negat,

587 1346 751 1413 Quae
778 1353 1076 1429 poscente
1106 1345 1309 1426 magis
1339 1345 1616 1429 gaudeat
1644 1348 1824 1431 eripi,

930 1453 1272 1519 Interdum
1301 1476 1523 1538 rapere
1551 1465 1837 1541 occupet.

1221 1789 1425 1853 XIII.

593 1925 752 1988 hm
784 1932 851 1988 et
878 1923 1131 1987 nefasto
1160 1930 1226 1986 te
1254 1923 1469 2007 posuit
1499 1923 1623 2001 die,
1705 1900 1710 1911 ⁸

596 2036 1000 2119 Quicumque
1030 2035 1333 2118 primum,
1364 2042 1431 2098 et
1461 2035 1768 2118 sacrilega
1796 2057 1994 2101 manu

678 2146 1010 2224 Produxit,
1043 2146 1250 2223 arbos,
1279 2146 1350 2208 in
1379 2154 1689 2229 nepotum

762 2256 1120 2320 Perniciem
1150 2254 1688 2340 opprobriumque
1715 2256 1887 2340 pagi.

595 2391 794 2454 Illum
823 2398 888 2454 et
921 2388 1202 2473 parentis
1232 2387 1611 2453 crediderim
1639 2390 1740 2453 sui

594 2501 882 2584 Fregisse
914 2500 1243 2578 oervieem,
1276 2507 1342 2563 et
1372 2499 1725 2582 penetralia

679 2611 995 2695 Sparsisse
1022 2618 1339 2673 nocturno
1369 2630 1595 2672 eruore

767 2722 1095 2805 Hospitis3
1143 2720 1251 2784 isse
1280 2740 1526 2783 venena
1555 2718 1815 2796 Colcha,

593 2857 682 2919 Et
712 2854 1021 2937 quidquid
1049 2877 1325 2937 usquam
1355 2856 1712 2939 concipitur
1739 2854 1935 2931 nefas,
2045 2859 2050 2864 ’

593 2965 938 3041 Tractavit,
971 2985 1124 3045 agro
1155 2965 1266 3046 qui
1296 2965 1526 3028 statuit
1558 2985 1701 3027 meo

678 3076 768 3138 Te
796 3075 983 3138 triste
1010 3075 1281 3156 lignum,
1314 3081 1380 3137 te
1410 3074 1724 3137 caducum

766 3185 853 3248 In
881 3183 1127 3247 domini
1158 3191 1350 3265 caput
1393 3181 1810 3246 immerentis.

598 3318 776 3385 Quid
805 3313 1072 3401 quisque
1099 3317 1281 3396 vitet,
1313 3339 1668 3400 numquam
1696 3317 1943 3380 homini
1972 3318 2128 3382 satis

598 3430 880 3493 Cautum
902 3436 1009 3494 est
1036 3428 1107 3491 in
1134 3428 1346 3492 horas.
1436 3428 1680 3491 Navita
1708 3427 2068 3510 Bosporum

687 3540 922 3602 Poenus
952 3536 1394 3620 perhorrescit,
1425 3558 1632 3621 neque
1660 3539 1834 3601 ultra

773 3651 960 3714 Caeca
987 3650 1175 3713 timet
1203 3649 1459 3713 aliunde
1485 3649 1661 3713 fata:

601 3784 794 3847 Miles
824 3784 1094 3866 sagittas
1122 3790 1188 3846 et
1218 3782 1486 3846 celerem
1519 3782 1739 3864 fugam

600 3895 847 3971 Parthi,
880 3901 1139 3958 catenas
1169 3893 1450 3959 Parthus
1480 3901 1547 3957 et
1577 3893 1819 3956 Italum

689 4006 914 4069 Robur
935 4032 956 4083 3
1002 4005 1113 4069 sed
1140 4004 1483 4087 improvisa
1508 4004 1626 4068 leti

773 4115 893 4178 Vis
922 4114 1135 4197 rapuit
1162 4113 1493 4196 rapietque
1522 4113 1750 4197 gentis.

1309 4273 1427 4308 1111.
1455 4263 1533 4310 14.
1561 4262 1584 4308 F·
1607 4263 1888 4310 cantumst.

2661 256 2739 327 4.ss

2339 683 2445 725 Διὶ.
2468 680 2516 727 0.
2536 686 2574 726 8.
2597 685 2711 727 Lu.

2340 1031 2448 1073 Ara.
2470 1031 2516 1072 C,
2538 1032 2574 1073 1.
2595 1032 2658 1072 29,
2681 1031 2719 1072 1.

2346 2081 2436 2112 eac.
2459 2069 2501 2111 Β.
2522 2069 2558 2109 1.
2574 2069 2613 2110 8.
2634 2067 2697 2110 1⁷.

2361 3838 2421 3880 η.
2443 3828 2490 3868 ο.
2514 3824 2550 3870 1.
2570 3828 2631 3866 ιθ.
2652 3826 2715 3865 11.

2020 4259 2102 4307 20,
2134 4256 2336 4316 gentes.
