3025 4776
923 325 1495 383 EPISTULARUM
1565 325 1721 381 LIB.
1768 326 1820 382 I.
1866 325 2017 381 xviii.
2578 330 2688 387 225

399 486 493 549 Ut
522 505 790 569 puerum
821 506 986 548 saevo
1018 486 1237 549 credas
1267 485 1507 549 dictata
1537 485 1844 568 magistro
2289 497 2375 538 dic·
2399 498 2449 538 E·
2557 526 2568 537 ·

397 595 684 659 Reddere
715 597 813 658 vel
842 603 1056 678 partes
1086 596 1359 659 mimum
1389 585 1667 659 tractare
1697 597 2029 660 secundas.

268 707 347 767 15
395 706 582 769 Alter
611 706 855 768 rixatur
885 706 961 769 de
992 707 1139 768 lana
1167 727 1337 789 saepe
1368 706 1644 789 caprina,

396 811 769 898 Propugnat
796 815 985 898 nugis
1015 824 1297 879 armatus
1323 841 1336 878 :
1390 816 1670 893 Scilicet,
1704 823 1778 878 ut
1807 838 1938 880 non

400 927 499 991 Sit
527 927 691 989 mihi
720 927 929 1009 prima
958 926 1113 990 fides
1144 933 1208 989 et
1238 947 1382 989 vere
1412 926 1585 1009 quod
1616 927 1823 1009 placet
1853 935 1928 989 ut
1958 949 2091 991 non

393 1038 651 1101 Acriter
678 1037 941 1102 elatrem
963 1038 993 1099 ⁴?
1040 1037 1330 1101 Pretium
1361 1044 1515 1101 aetas
1546 1037 1746 1100 altera
1774 1036 2008 1101 sordet.

395 1147 767 1230 Ambigitur
796 1148 951 1230 quid
974 1147 1193 1209 enim?
1226 1147 1454 1210 Castor
1476 1146 1638 1209 sciat
1661 1168 1742 1209 an
1761 1147 2066 1210 Dolichos
2086 1149 2227 1231 plus
2247 1176 2265 1228 3

262 1259 351 1320 20
396 1257 811 1320 Brundisium
845 1234 1095 1319 Minuci
1132 1256 1359 1318 melius
1390 1256 1491 1318 via
1522 1256 1714 1319 ducat
1744 1278 1827 1318 an
1857 1258 2044 1340 Appi.

398 1369 612 1433 Quem
643 1367 949 1431 damnosa
976 1369 1220 1444 Venus,
1256 1388 1447 1448 quem
1478 1380 1757 1450 praeceps
1788 1367 1924 1430 alea
1952 1357 2175 1447 nudat,
2289 1387 2375 1429 ate.
2396 1387 2442 1428 c,
2463 1389 2500 1429 3.
2521 1389 2584 1429 24.
2605 1390 2668 1430 ω.

2614 501 2652 589 5⁴5³

2472 499 2510 589 ‚Ut-¹

2530 499 2570 588 ..ut-⁰

2589 501 2613 589 *10⁸

399 1478 622 1542 Gloria
653 1499 843 1561 quem
874 1499 1067 1561 supra
1095 1478 1257 1541 vires
1288 1487 1355 1540 et
1383 1477 1577 1540 vestit
1606 1485 1671 1541 et
1702 1478 1910 1560 ungit,
2291 1503 2565 1545 22.0.1.1s.
2589 1504 2651 1545 ιε.

398 1589 612 1653 Quem
644 1596 823 1652 tenet
854 1589 1100 1671 argenti
1132 1588 1272 1651 sitis
1301 1588 1672 1670 importuna
1703 1587 2048 1671 famesque,
2289 1618 2393 1669 imp,
2414 1618 2462 1659 ο,
2482 1621 2520 1659 ³,
2541 1620 2602 1659 16.
2623 1620 2687 1661 37,

397 1701 610 1766 Quem
641 1691 1032 1783 paupertatis
1061 1698 1267 1782 pudor
1295 1706 1361 1761 et
1390 1698 1566 1780 fuga,
1601 1697 1771 1761 dives
1802 1699 2069 1778 amicuS,
2291 1731 2355 1771 24.
2376 1719 2425 1761 0.
2445 1722 2483 1760 3.
2504 1721 2567 1760 ιι
2587 1721 2651 1761 42.

265 1814 349 1874 25
398 1812 579 1894 Saepe
610 1811 832 1874 decem
861 1811 1032 1874 vitiis
1062 1810 1452 1887 instructior,
1486 1809 1626 1872 odit
1656 1816 1722 1872 et
1766 1808 2005 1887 horret,

394 1923 552 1999 Aut,
585 1922 637 1984 si
667 1942 800 1985 non
830 1921 987 1999 odit,
1021 1920 1186 2002 regit
1216 1941 1289 1983 ac
1318 1920 1520 1983 veluti
1551 1919 1659 2003 pia
1687 1926 1892 1981 mater

399 2031 554 2095 Plus
586 2052 777 2113 quam
808 2052 875 2094 se
906 2051 1124 2113 sapere
1156 2038 1222 2092 et
1252 2029 1594 2093 virtutibus
1624 2051 1759 2092 esse
1789 2029 2064 2112 priorem

408 2143 471 2203 V
474 2143 589 2219 olt,
622 2147 688 2204 et
719 2140 810 2203 ait
839 2161 1033 2223 prope
1062 2161 1244 2203 vera:
1293 2139 1489 2217 Meae,
1522 2138 1905 2203 contendere
1936 2140 2090 2217 noli,
2291 2175 2385 2205 eon.
2407 2162 2449 2204 s,
2469 2164 2507 2204 2.
2526 2164 2564 2204 3.
2585 2164 2674 2204 313.

402 2253 763 2316 stultitiam
792 2252 1126 2335 patiuntur
1152 2273 1339 2333 opes;
1388 2251 1502 2314 tibi
1536 2251 1797 2334 parvula
1824 2272 1924 2314 res
1954 2259 2088 2315 est:

269 2365 354 2427 30
405 2365 567 2427 Arta
597 2363 778 2427 decet
807 2385 1035 2427 sanum
1067 2362 1367 2426 comitem
1399 2369 1551 2445 toga
1577 2388 1595 2441 ς
1641 2360 1857 2425 desine
1890 2382 2142 2426 mecum

401 2475 683 2538 Certare.
774 2475 1178 2559 Eutrapelus,
1213 2474 1594 2556 cuicumque
1623 2494 1851 2537 nocere
1883 2473 2154 2551 volebat,

396 2585 805 2649 Vestimenta
833 2585 1028 2648 dabat
1059 2585 1369 2668 pretiosa:
1420 2584 1643 2647 beatus
1673 2583 1843 2646 enim
1867 2583 2006 2665 jam

397 2696 564 2758 Cum
595 2694 873 2778 pulchris
903 2695 1137 2757 tunicis
1168 2701 1378 2757 sumet
1408 2716 1573 2758 nova
1602 2694 1865 2758 consilia
1894 2703 1960 2758 et
1990 2716 2152 2778 speS,

400 2806 693 2869 Dormiet
720 2806 792 2868 in
821 2806 1052 2883 lucem,
1084 2813 1293 2868 scorto
1323 2812 1662 2890 postponet
1693 2805 2036 2869 honestum

270 2918 354 2979 35
402 2916 724 2994 Officium,
756 2937 1055 2979 nummos
1085 2916 1324 2979 alienos
1355 2928 1593 2999 pascet,
1628 2916 1707 2979 ad
1736 2917 1941 2979 imum

406 3027 616 3089 Thrax
646 3026 768 3089 erit
797 3034 909 3089 aut
937 3026 1181 3089 olitoris
1211 3033 1358 3108 aget
1387 3026 1677 3090 mercede
1708 3027 2045 3089 caballum.
2295 3054 2394 3095 nr.
2416 3054 2457 3096 S.
2478 3056 2516 3094 2.
2536 3056 2574 3093 ⁶.
2596 3056 2659 3096 ιιι

398 3139 727 3201 Arcanum
756 3158 964 3219 neque
995 3144 1067 3199 tu
1097 3136 1481 3200 scrutaberis
1510 3137 1682 3200 illius
1714 3158 2017 3219 unquam,

398 3248 956 3330 Commissumque
985 3254 1162 3329 teges
1193 3253 1258 3310 et
1288 3247 1437 3310 vino
1466 3254 1677 3310 tortus
1706 3255 1773 3311 et
1801 3248 1897 3310 ira
1918 3274 1937 3324 ς
2291 3273 2374 3311 tor.
2395 3270 2446 3311 A.
2469 3269 2515 3310 P.
2534 3271 2625 3310 436.

395 3359 541 3422 Nec
570 3365 684 3421 tua
713 3356 998 3421 laudabis
1027 3357 1239 3419 studia
1267 3366 1380 3420 aut
1411 3358 1618 3421 aliena
1645 3356 2003 3440 reprendes,

264 3474 354 3533 40
397 3470 560 3546 Nec,
594 3489 741 3531 cum
771 3467 988 3531 venari
1017 3467 1187 3530 volet
1216 3466 1345 3545 ille,
1376 3470 1676 3550 poemata
1704 3489 1959 3551 panges.

400 3579 627 3643 Gratia
655 3579 746 3642 sic
774 3578 1046 3640 fratrum
1078 3578 1500 3671 geminorum,
1533 3578 1917 3662 Amphionis
1946 3587 2136 3673 affle

405 3690 617 3783 Ζεζᾴὲιζ,ἡ
646 3688 941 3767 dissiluit,
974 3687 1176 3752 donec
1206 3695 1500 3772 suspecta
1530 3710 1748 3753 severo

397 3799 727 3864 Conticuit
756 3799 914 3881 lyra.
1007 3799 1337 3861 Fraternis
1368 3799 1627 3862 cessisse
1656 3807 1921 3883 putatur

401 3910 699 3974 Moribus
730 3909 1059 3993 Amphion
1086 3935 1099 3973 :
1148 3916 1223 3971 tu
1254 3910 1405 3973 cede
1434 3911 1716 3993 potentis
1747 3904 1936 3974 amici

260 4027 350 4087 45
400 4022 686 4086 Lenibus
715 4020 1024 4104 imperiis,
1058 4020 1480 4105 quotiensque
1511 4021 1741 4084 educet
1770 4021 1840 4084 in
1871 4042 2057 4104 agros

398 4132 634 4197 AEtolis
662 4140 927 4195 onerata
954 4132 1158 4214 plagis
1182 4131 1481 4213 jumenta
1511 4152 1848 4214 canesque,
2293 4155 2418 4200 AEeo.
2442 4157 2490 4198 E.
2512 4160 2548 4200 1.
2567 4160 2606 4199 o.
2625 4159 2689 4198 ss.

875 4292 956 4342 35.
993 4309 1192 4343 numos.
1330 4292 1413 4340 45.
1446 4292 1670 4353 quoties.
