3025 4776
321 259 398 311 44

319 566 379 594 33.
403 553 449 593 C.
467 555 504 594 4.
524 554 561 593 7.
583 553 647 593 21.

318 781 421 821 AEo.
444 780 491 820 C.
511 783 549 821 8.
572 783 633 821 30.
652 781 714 821 13.

321 1138 381 1176 ²7-
404 1126 451 1166 C.
473 1127 650 1167 1.32.6.

321 1978 385 2016 ³⁴-
407 1966 454 2006 o.
475 1968 512 2007 3.
535 1966 680 2006 11.17.

577 2314 614 2351 3.
635 2312 698 2352 2.7

553 2363 657 2403 17.6
631 2365 695 2404 67

570 2417 630 2453 28.
653 2416 690 2454 7.

547 2464 606 2503 17.
652 2467 689 2504 5.

322 2310 429 2352 Pro.

324 2411 411 2454 Pel

564 2514 597 2552 1.

326 2562 418 2604 ori.
566 2565 604 2603 4.

452 2311 555 2351 e..1

451 2362 530 2402 E.

414 2394 547 2452 ..oi

442 2463 681 2553 ἔριζε),

441 2563 547 2603 cs.
626 2565 688 2604 71.

322 2663 581 2713 tyn-..046
584 2665 677 2704 ,33

317 3417 352 3446 2.
376 3405 422 3446 C,
443 3406 534 3446 47.
554 3406 616 3446 24.

317 4095 692 4148 Τίἰ....03477;

548 4127 695 4187 11.21,

936 4269 1051 4302 xm.
1087 4258 1166 4303 23.
1192 4257 1483 4319 discriptas,
1510 4258 1573 4303 K.
1603 4257 1660 4305 Β.

1148 262 1213 333 ρ.
1257 262 1578 319 HORATJ
1609 263 1898 321 FLAOCJ

1010 425 1225 491 Quam
1252 446 1432 508 paene
1461 426 1661 490 furvae
1691 448 1890 510 regna
1919 427 2335 512 Proserpinae,

1004 535 1093 598 Et
1113 536 1516 619 judicantem
1546 536 1823 600 vidimus
1853 539 2150 616 AEacum,

1093 645 1413 728 Sedesque
1442 646 1748 710 discretas
1777 648 2050 730 piorum,
2085 655 2151 711 et

1177 757 1409 820 AEoliis
1438 756 1671 819 fidibus
1701 766 2071 839 querentem

1010 889 1265 973 Sappho
1294 890 1521 973 puellis
1552 890 1631 953 de
1660 891 2069 974 popularibus
2092 918 2112 969 ς
2659 897 2740 955 25

1005 1002 1093 1064 Et
1122 1008 1188 1063 te
1218 1009 1553 1064 sonantem
1577 1001 1828 1084 plenius
1858 1023 2068 1079 aure0,

1090 1111 1328 1195 Alcaee,
1358 1112 1603 1194 plectro
1632 1110 1792 1173 dura
1821 1112 2020 1189 navis,

1178 1220 1360 1283 Dura
1387 1220 1558 1302 fugae
1586 1219 1775 1296 mala,
1810 1219 1972 1282 dura
1999 1219 2150 1284 belli
2182 1220 2196 1282 l

1008 1355 1375 1436 Utrumque
1405 1375 1587 1417 sacro
1618 1353 1812 1437 digna
1841 1355 2096 1418 silentio

1006 1465 1333 1527 Mirantur
1362 1464 1630 1529 Umbrae
1659 1464 1869 1529 dicere
1894 1491 1913 1544 3
1961 1465 2071 1529 sed
2104 1466 2307 1549 magis
2655 1472 2743 1531 30

1096 1577 1356 1658 Pugnas
1387 1583 1452 1638 et
1481 1583 1737 1639 exactos
1766 1583 2074 1659 tyrannos

1179 1686 1469 1749 Densum
1500 1686 1741 1750 umeris
1771 1685 1935 1749 bibit
1967 1707 2121 1749 aure
2149 1687 2394 1770 volgus.

1009 1819 1184 1886 Quid
1213 1820 1448 1882 mirum
1472 1820 1502 1881 Ῥ
1549 1819 1660 1883 ubi
1691 1820 1817 1883 illis
1848 1821 2238 1910 carminibus
2269 1831 2530 1906 stupens

1006 1932 1312 1997 Demittit
1342 1940 1511 1994 atras
1539 1930 1730 1994 belua
1758 1932 2076 2015 centiceps

1094 2043 1321 2119 Aures,
1355 2050 1420 2106 et
1449 2042 1671 2104 intorti
1705 2043 1947 2126 capillis
2656 2049 2739 2109 35

1179 2151 1616 2215 Eumenidum
1647 2159 2017 2215 recreantur
2045 2174 2322 2235 angues,

1010 2288 1191 2357 Quin
1219 2296 1284 2350 et
1314 2287 1736 2351 Prometheus
1766 2294 1832 2351 et
1862 2287 2114 2370 Pelopis
2142 2309 2369 2371 parens

1006 2400 1199 2466 Dulci
1227 2399 1517 2462 laborum
1551 2399 1865 2484 decipitur
1894 2421 2049 2463 sono
2070 2427 2091 2478 3

1095 2513 1235 2576 Nec
1266 2519 1447 2574 curat
1479 2513 1683 2576 Orion
1713 2513 1928 2575 leones

1180 2624 1318 2686 Aut
1347 2622 1605 2686 timidos
1636 2622 1879 2705 agitare
1910 2622 2148 2707 lyncas.
2429 2635 2436 2641 ·
2655 2625 2742 2684 40

1651 3115 1847 3177 XIV.

1008 3287 1208 3349 Eunu
1240 3286 1518 3369 fugaces,
1552 3286 1881 3362 Postume,
1915 3287 2242 3366 Postume,

1003 3397 1343 3460 Labuntur
1374 3396 1546 3474 anni,
1579 3416 1697 3458 nec
1727 3396 1946 3459 Pietas
1975 3419 2221 3461 moram

1089 3508 1291 3589 Rugis
1321 3515 1386 3570 et
1416 3507 1685 3570 instanti
1718 3508 2008 3572 Senectae

1176 3617 1424 3681 Afferet
1456 3617 1912 3700 indomitaeque
1943 3619 2171 3681 Morti.

1000 3754 1175 3830 Non,
1209 3752 1262 3815 si
1289 3754 1563 3816 trecenis
1583 3757 1909 3836 ‘quotquot
1940 3763 2098 3817 eunt
2128 3754 2280 3832 dies,
2701 3762 2738 3818 5

998 3863 1246 3939 Amice,
1272 3863 1490 3946 places
1521 3864 2027 3927 illacrimabilem

1084 3972 1365 4036 Plutona
1394 3974 1595 4036 tauris
1623 3999 1636 4038 ι
1686 3974 1796 4056 qui
1826 3983 1925 4038 ter
1953 3976 2239 4058 amplum

1174 4085 1515 4168 Geryonen
1547 4085 1911 4168 Tityonque
1941 4086 2115 4149 tristi

1796 4260 1878 4306 32.
1915 4259 2144 4307 humoris
2164 4279 2176 4317 3
2224 4260 2424 4321 vulgus.
