3025 4776
281 260 354 313 20

285 596 366 638 tut.
391 596 431 639 s.
452 597 490 639 ι.
511 597 549 638 ³.
568 597 653 647 ους

283 1100 319 1141 ς.
340 1089 422 1142 Ep.
442 1093 481 1132 9.
501 1094 568 1135 33.

251 1264 261 1275 ’
274 1295 375 1346 sab.
396 1294 443 1337 c.
464 1295 502 1335 s.
522 1295 560 1334 4.
580 1295 619 1334 ο.

473 1344 510 1386 1.
530 1345 567 1385 a
589 1345 650 1385 ιο.

284 2050 383 2090 ρον.
405 2038 513 2080 ΒΛ.
534 2039 572 2078 1.
596 2037 657 2078 ιι.

286 2140 405 2181 Dan.
427 2138 517 2180 (2.3.
538 2139 601 2179 30.
621 2137 685 2178 11.

288 2496 348 2538 ¹7·
370 2488 417 2530 C.
437 2488 475 2529 3.

495 2489 521 2528 ω

553 2487 634 2526 ἒ

596 2515 636 2579 7ἷ

491 2516 596 2578 Ξ.

288 2810 394 2860 Jup.
418 2808 465 2851 C.
487 2809 523 2848 1.
546 2808 582 2849 1.
603 2809 685 2858 253

507 2861 567 2900 16.
589 2860 652 2899 12.

290 4155 361 4196 eil.
384 4154 463 4206 Ep.
485 4155 546 4196 13.
566 4156 604 4195 2.

1079 257 1146 331 ρ.
1216 258 1533 315 ΗΟΒΑΤΙ
1590 253 1888 318 FLAOGJ

1593 461 1824 525 XXII.

882 592 1187 656 Imaona
1216 591 1364 658 vitae
1392 592 1774 676 scelerisque
1803 614 2000 678 purus

879 704 1038 768 Non
1067 712 1213 787 eget
1243 703 1493 768 Mauris
1519 704 1772 787 jaculis,
1803 725 2010 787 neque
2041 726 2215 783 arcu,

882 815 1027 879 Nec
1055 815 1384 878 venenatis
1414 814 1677 896 gravida
1704 816 1976 898 sagittis,

1318 924 1548 1003 Fusce,
1578 924 1918 1007 pharetra:
1961 966 1974 971 ι

886 1058 1033 1123 Sive
1059 1077 1173 1141 per
1204 1044 1431 1140 Syrtes⁸
1457 1057 1581 1120 iter
1610 1066 1933 1137 aestuosas,

888 1170 1034 1235 Sive
1062 1168 1351 1233 facturus
1379 1189 1493 1252 per
1521 1167 1976 1253 inhospitalem

886 1281 1267 1358 Caucasum,
1298 1280 1400 1343 vel
1430 1301 1574 1363 quae
1602 1280 1743 1345 loca
1770 1281 2099 1346 fabulosus

1320 1390 1583 1454 Lambit
1614 1391 1974 1476 Hydaspes,

885 1525 1190 1608 Namque
1219 1546 1323 1589 me
1353 1525 1511 1590 silva
1538 1527 1726 1610 lupus
1755 1528 1825 1589 in
1856 1528 2116 1605 Sabina,

886 1639 1064 1701 Dum
1094 1658 1305 1699 meam
1335 1644 1527 1700 canto
1558 1637 1864 1721 Lalagen,
1897 1646 1963 1701 et
1992 1638 2165 1700 ultra

887 1746 1460 1813 Terminum,curis
1489 1769 1687 1831 vagor
1715 1749 2044 1833 expeditis,

1323 1858 1520 1941 Fugit
1548 1858 1881 1923 inermem.

891 1991 1099 2059 Quale
1128 1999 1500 2075 portentum
1530 2016 1740 2077 neque
1770 1995 2064 2059 militaris

888 2101 1179 2165 Daunias
1209 2101 1358 2166 latis
1388 2102 1503 2166 alit
1534 2104 1869 2182 aesculetis,

887 2212 1031 2276 Nec
1064 2214 1104 2276 J
1109 2212 1253 2276 ubae
1283 2213 1474 2277 tellus
1506 2222 1791 2297 generat,
1822 2216 2079 2280 leonum

1324 2323 1529 2388 Arida
1556 2326 1795 2388 nutrix.

892 2461 1072 2524 Pone
1101 2482 1227 2539 me,
1259 2460 1457 2545 pigris
1486 2461 1600 2524 ubi
1628 2462 1807 2525 nulla
1836 2463 2075 2546 campis

889 2571 1104 2634 Arbor
1133 2572 1351 2635 aestiva
1377 2578 1703 2635 recreatur
1732 2594 1927 2651 aura;

892 2681 1086 2749 Quod
1114 2682 1283 2746 latus
1312 2683 1542 2746 mundi
1570 2683 1820 2746 nebulae
1850 2685 2181 2767 malusque

1326 2794 1366 2856 J
1371 2793 1624 2877 uppiter
1652 2802 1841 2876 urget
1867 2819 1881 2857 ε

890 2928 1069 2991 Pone
1099 2927 1217 2992 sub
1249 2949 1440 2991 curru
1470 2928 1743 2992 nimium
1772 2929 2111 3012 propinqui

894 3037 1083 3116 Solis,
1115 3038 1186 3100 in
1216 3045 1387 3101 terra
1418 3038 1715 3102 domibus
1745 3047 1981 3122 negata
2007 3066 2021 3104 :

894 3148 1098 3211 Dulce
1128 3147 1444 3211 ridentem
1476 3149 1764 3230 Lalagen
1795 3150 2044 3230 amabo,

1325 3259 1531 3321 Dulce
1560 3259 1950 3341 loquentem.

1587 3644 1856 3709 XXIII.

979 3779 1192 3841 Vnus
1221 3776 1435 3862 inuleo
1465 3798 1570 3840 me
1600 3778 1848 3858 similis,
1882 3779 2103 3858 Chloe,

982 3891 1315 3957 Quaerenti
1344 3891 1634 3974 pavidam
1666 3896 1993 3960 montibus
2025 3896 2178 3959 aviis

1068 4001 1373 4078 Matrem,
1405 4022 1539 4063 non
1571 4003 1706 4066 sine
1735 4027 1898 4068 vano

1153 4112 1478 4174 Aurarum
1503 4119 1568 4174 et
1599 4112 1774 4176 siliiae
1805 4124 2000 4179 metu.

1152 4260 1228 4306 11.
1266 4260 1554 4318 expeditus,
1585 4259 1644 4306 K.
1917 4264 1960 4308 1.
1999 4264 2262 4315 hinnuleo.

2631 1637 2713 1697 10

2631 2212 2713 2274 15

2632 2795 2720 2858 20
