3025 4776
383 275 495 330 206

380 441 465 490 ιρι.
487 441 535 480 Ο.
555 441 591 481 2.
612 442 650 481 6.
672 441 734 480 14.

382 503 496 532 mun.
518 492 565 531 C.
586 494 623 532 3.
637 492 777 531 zai-1».

384 790 487 842 imp.
509 790 558 831 A.
584 790 627 831 Ρ.
640 790 736 848 7.,10.

387 2138 470 2177 tor.
494 2136 534 2178 S.
555 2137 592 2176 2.
614 2137 653 2176 4.
673 2135 737 2176 si.

389 2811 503 2852 mh.
525 2810 566 2850 S.
586 2810 625 2850 2.
645 2811 683 2850 8.
704 2810 769 2850 22.

391 2940 458 2976 ²9·
477 2926 577 2967 S.1.
597 2928 633 2965 2.
655 2927 719 2966 27.

394 4060 518 4090 mom.
540 4048 791 4090 E.1.10.1s.

1207 270 1274 344 Q.
1320 271 1391 328 H
1390 271 1550 329 ORA
1557 271 1637 328 TI
1669 271 1957 330 FLACCI

808 443 850 504 J
855 463 959 504 am
990 440 1233 505 dudum
1263 441 1559 525 splendet
1587 441 1766 506 focus
1796 449 1861 505 et
1894 441 2011 505 tibi
2042 441 2286 505 munda
2315 442 2616 527 supellex.

807 553 1005 616 Mitte
1036 553 1205 617 leves
1235 573 1378 636 spes
1408 559 1473 616 et
1502 553 1856 617 certamina
1886 552 2276 618 divitiarum.

805 665 894 727 Et
924 663 1181 728 Moschi
1211 685 1505 727 causam:
1556 685 1695 727 cras
1725 671 1879 727 nato
1910 664 2161 727 Caesare
2193 665 2394 728 festus

806 776 939 837 Dat
967 775 1217 838 veniam
1248 795 1674 857 somnumque
1704 774 1838 838 dies
1860 800 1880 852 3
1927 774 2191 857 impune
2219 775 2439 839 licebit

807 886 1126 949 AEstivam
1176 907 1466 951 sermone
1496 886 1777 970 benigno
1807 885 2069 950 tendere
2099 895 2378 952 noctem.

811 999 960 1063 Quo
990 997 1153 1060 mihi
1183 996 1530 1074 fortunam,
1561 995 1616 1058 si
1646 1017 1775 1060 non
1806 995 2186 1060 conceditur
2213 997 2362 1060 uti?

736 1170 745 1179 .
809 1112 1051 1173 Parcus
1081 1109 1162 1172 ob
1193 1107 1446 1171 heredis
1477 1128 1698 1170 curam
1728 1106 2129 1189 nimiumque
2159 1127 2412 1170 severus

736 1271 746 1281 .
808 1222 1071 1286 Assidet
1101 1221 1324 1285 insano
1350 1245 1364 1283 ε
1413 1231 1633 1304 potare
1663 1227 1730 1283 et
1760 1219 2054 1303 spargere
2085 1219 2272 1282 flores

812 1331 1127 1414 Incipiam
1156 1331 1487 1414 patiarque
1518 1331 1617 1394 vel
1648 1330 2049 1394 inconsultus
2078 1330 2316 1395 haberi.

812 1443 987 1510 Quid
1019 1465 1148 1507 non
1179 1443 1455 1507 ebrietas
1485 1441 1830 1525 designat?
1922 1443 2164 1526 Operta
2192 1443 2485 1522 recludit,

815 1555 973 1637 Spes
995 1553 1183 1638 jubet
1213 1576 1349 1618 esse
1379 1560 1572 1632 rataS,
1606 1554 1687 1617 ad
1717 1555 1944 1638 proelia
1973 1555 2177 1619 trudit
2207 1555 2479 1620 inertem
2502 1582 2524 1634 3

814 1663 1117 1730 Sollicitis
1149 1665 1378 1728 animis
1408 1687 1570 1728 onus
1600 1666 1843 1744 eximit,
1878 1666 2144 1730 addocet
2175 1675 2363 1732 artes.

814 1779 1097 1843 Fecundi
1128 1778 1354 1842 calices
1386 1798 1577 1861 quem
1608 1798 1740 1841 non
1769 1778 1974 1842 fecere
2018 1778 2328 1842 disertum
2351 1780 2381 1842 Ρ

814 1894 1161 1955 Contracta
1193 1912 1382 1975 quem
1414 1912 1545 1954 non
1577 1891 1645 1954 in
1674 1899 2047 1975 paupertate
2078 1892 2411 1955 solutum?

815 2004 984 2066 Haec
1015 2024 1134 2085 ego
1162 2023 1497 2086 procurare
1529 2010 1595 2066 et
1623 2002 1890 2066 idoneus
1920 2003 2197 2086 imperor
2228 2011 2293 2066 et
2323 2025 2455 2067 non

815 2114 1099 2190 Invitus,
1120 2133 1201 2176 ne
1232 2119 1421 2195 turpe
1452 2112 1635 2188 toral,
1667 2135 1751 2176 ne
1781 2113 2038 2176 sordida
2068 2135 2295 2197 mappa

814 2226 1130 2308 Corruget
1159 2246 1366 2303 nares,
1398 2245 1480 2286 ne
1511 2245 1642 2287 non
1674 2232 1739 2287 et
1771 2225 2113 2288 cantharus
2142 2232 2211 2289 et
2239 2225 2387 2288 lanx

814 2335 1130 2400 Ostendat
1160 2335 1281 2399 tibi
1312 2341 1400 2414 te,
1433 2356 1516 2399 ne
1546 2334 1707 2398 fidos
1735 2334 1905 2399 inter
1934 2336 2172 2400 amicos

817 2449 917 2512 Sit
948 2449 1057 2531 qui
1088 2448 1263 2512 dicta
1291 2448 1460 2511 foras
1491 2447 1800 2525 eliminet,
1832 2454 1908 2510 ut
1938 2451 2117 2511 coeat
2146 2468 2261 2531 par

814 2562 855 2623 J
860 2568 1264 2643 ungaturque
1294 2558 1452 2643 pari.
1544 2559 1816 2621 Butram
1846 2558 1965 2621 tibi
2010 2558 2509 2645 Septiciumque,

812 2672 901 2734 Et
931 2671 1055 2735 nisi
1087 2691 1245 2734 cena
1275 2670 1447 2754 prior
1477 2668 1811 2752 potiorque
1840 2669 2054 2752 puella
2087 2670 2398 2733 Sabinum

814 2782 1100 2858 Detinet,
1135 2802 1452 2844 assumam
1475 2805 1495 2858 3
1543 2779 1719 2842 locus
1751 2787 1847 2842 cst
1879 2787 1945 2842 et
1975 2780 2264 2863 pluribus
2293 2780 2540 2844 umbris
2566 2805 2580 2845 :

817 2893 946 2957 Sed
975 2893 1167 2956 nimis
1199 2899 1337 2954 arta
1365 2897 1666 2974 premunt
1695 2889 1883 2953 olidae
1913 2890 2200 2954 convivia
2244 2912 2468 2975 capr.ae

814 3007 937 3083 Tu,
970 3010 1199 3087 quotus
1230 3024 1365 3067 esse
1397 3001 1571 3079 velis,
1604 3000 1902 3079 rescribe,
1936 3008 2001 3064 et
2030 3001 2218 3065 rebus
2248 3002 2499 3066 omissis

815 3116 1005 3181 Atria
1032 3090 1387 3179 servantem
1414 3106 2194 3197 postico‘sall'ff'clientcm.

1760 3535 1886 3599 VI.

817 3691 957 3754 Νη,
990 3685 1289 3752 admirari
1317 3706 1512 3769 prope
1541 3705 1643 3747 res
1673 3691 1770 3746 est
1799 3705 1947 3759 una,
1979 3682 2270 3759 Numici,

822 3801 1118 3881 Solaque,
1150 3818 1292 3879 quae
1322 3796 1525 3879 possit
1556 3795 1763 3857 facere
1794 3801 1860 3857 et
1890 3815 2137 3857 servare
2170 3793 2449 3857 beatum.

826 3912 1021 3974 Hunc
1052 3909 1250 3972 solem
1282 3924 1349 3970 et
1378 3907 1597 3969 stellas
1628 3913 1693 3968 et
1723 3904 2098 3968 decedentia
2126 3904 2317 3968 certis

820 4023 1134 4102 Tempora
1163 4017 1506 4080 momentis
1537 4023 1689 4079 sunt
1718 4016 1830 4098 qui
1860 4016 2199 4079 formidine
2229 4015 2408 4078 nulla

824 4131 1069 4196 Imbuti
1101 4136 1389 4214 spectent
1416 4153 1429 4192 :
1479 4127 1636 4211 quid
1667 4148 1884 4191 censes
1914 4148 2179 4190 munera
2209 4136 2415 4205 terrae,

1631 4291 1710 4343 17.
1746 4292 2012 4342 inormem.

2736 780 2819 839 lo

2732 1896 2818 1957 20

2730 2450 2816 2513 25

2733 3005 2822 3066 30

2790 4133 2832 4192 01
