3025 4776
278 415 361 475 10

279 991 359 1050 15

287 1564 373 1626 20

278 3601 361 3661 10

1020 250 1465 307 CARMINUM
1535 252 1691 309 LIB.
1738 252 1825 309 II.
1872 253 1947 309 xi.

539 412 767 490 Pinus,
799 418 866 474 et
897 411 1082 476 celsae
1115 414 1401 496 graviore
1433 433 1584 477 casu

537 522 866 587 Decidunt
894 530 1124 601 turres,
1158 522 1526 606 feriuntque
1556 547 1840 589 summos

854 634 861 639 ’
886 634 1171 717 Fulgura
1200 642 1472 698 monteS.

542 770 772 851 Sperat
800 768 1071 847 infestis,
1105 769 1338 831 metuit
1368 771 1663 834 secundis

536 879 830 942 Alteram
861 886 1099 943 sortem
1129 878 1292 942 bene
1330 888 1757 963 praeparatum

538 988 797 1052 PectuS.
888 988 1197 1052 Informis
1225 988 1469 1052 hiemes
1499 989 1750 1052 reducit

888 1099 929 1160 J
933 1097 1204 1181 uppiter,
1235 1097 1409 1161 idem

541 1236 937 1297 Summovet.
1026 1233 1206 1311 Non,
1238 1234 1292 1297 si
1322 1234 1487 1297 male
1517 1208 1712 1313 nunc,
1744 1242 1808 1298 et
1838 1235 1991 1299 olim

542 1344 651 1407 Sic
680 1343 821 1407 erit.
914 1343 1260 1408 Quondam
1291 1344 1537 1409 cithara
1565 1353 1885 1409 tacentem

541 1454 823 1517 Suscitat
853 1454 1149 1531 Musam,
1170 1475 1377 1536 neque
1408 1476 1658 1538 semper
1686 1478 1905 1520 arcum

887 1564 1124 1627 Tendit
1153 1565 1407 1647 Apoll0.

541 1698 759 1762 Rebus
789 1699 1079 1783 angustis
1110 1698 1429 1763 animosus
1461 1709 1653 1783 atque

542 1810 755 1873 Fortis
786 1831 1054 1894 appare3
1103 1810 1423 1893 sapienter
1449 1811 1622 1873 idem

540 1919 897 1984 Contrahes
926 1927 1116 1984 vento
1148 1921 1423 1984 nimium
1452 1920 1731 1985 secundo

882 2030 1163 2113 Turgida
1192 2032 1349 2094 vela.

1210 2423 1334 2487 XI.

540 2557 725 2622 Qum
757 2555 1093 2620 bellicosus
1123 2557 1466 2636 Cantaber,
1500 2564 1567 2622 et
1602 2559 1895 2643 Scythes,

540 2667 814 2750 Hirpine
847 2668 1095 2745 Quinti,
1129 2669 1368 2751 cogitet
1400 2669 1650 2732 Hadria

623 2779 882 2870 Divisus
914 2778 1188 2860 objecto,
1221 2780 1514 2842 remittas

712 2889 1015 2954 Quaerere
1042 2914 1056 2951 ε
1104 2908 1222 2951 nec
1252 2889 1530 2972 trepides
1558 2888 1628 2951 in
1655 2910 1846 2951 usum

535 3023 866 3086 Poscentis
897 3022 1014 3085 aevi
1042 3044 1263 3105 pauca.
1358 3024 1552 3106 Fugit
1580 3032 1752 3087 retro

539 3133 724 3196 Levis
754 3134 795 3196 J
799 3141 1088 3211 uventas,
1121 3142 1188 3197 et
1218 3134 1429 3197 Decor
1446 3160 1465 3211 3
1514 3134 1692 3196 arida

621 3245 910 3308 Pellente
939 3245 1206 3307 lascivos
1235 3246 1512 3308 Amores

707 3355 959 3418 Canitie
987 3353 1366 3436 facilemque
1401 3355 1739 3417 Somnum.

536 3490 689 3553 Non
719 3509 969 3571 semper
997 3488 1167 3551 idem
1200 3488 1463 3552 floribus
1493 3494 1591 3550 est
1619 3487 1826 3549 honor

534 3600 767 3662 Vernis
789 3626 809 3677 3
857 3619 1065 3681 neque
1094 3620 1226 3662 uno
1255 3600 1446 3663 Luna
1474 3596 1710 3678 rubens
1738 3596 1905 3661 nitet

621 3715 825 3778 Voltu
857 3740 871 3777 ε
921 3713 1074 3797 quid
1104 3714 1358 3777 aeternis
1388 3712 1702 3775 minorem

708 3824 1006 3888 Consiliis
1036 3825 1323 3886 animum
1350 3821 1636 3905 fatigas?

535 3972 667 4035 Cur
694 3992 826 4034 non
856 3970 975 4034 sub
1007 3971 1138 4033 alta
1166 3970 1266 4033 vel
1294 3970 1555 4051 platano
1583 3968 1684 4031 vel
1712 3967 1834 4029 hac

538 4081 707 4144 Pinu
729 4083 1016 4164 jacentes
1044 4080 1134 4142 sic
1163 4086 1425 4156 temere,
1457 4086 1524 4142 et
1551 4099 1696 4142 rosa

544 4255 593 4287 x.
630 4240 707 4288 12.
743 4239 975 4288 fulmina.
1114 4239 1191 4288 15.
1225 4238 1488 4286 informes.

1691 4247 1762 4282 ιι.
1799 4234 1881 4282 11.
1914 4233 2079 4282 vultu.

2628 261 2703 313 41

2309 826 2362 865 ·3.
2383 813 2429 854 C.
2450 814 2488 854 4.
2508 815 2545 854 9.
2565 816 2630 854 36.

2298 1617 2360 1647 ao.
2382 1606 2430 1647 C.
2452 1605 2494 1648 8.
2513 1609 2576 1648 33.

2299 1743 2361 1775 21.
2382 1734 2430 1775 C.
2450 1736 2487 1775 2.
2507 1737 2545 1776 3.
2568 1736 2603 1776 1.
