3025 4776
1201 277 1542 336 EPODON
1612 277 1702 336 II.
2581 285 2611 338 1
2623 285 2649 339 l
2661 283 2691 339 l

443 443 661 529 Magis
690 441 969 521 relictis;
1014 464 1168 521 non,
1200 449 1277 506 ut
1308 441 1495 521 adsit,
1530 440 1727 505 auxili

528 557 777 620 Latura
806 554 949 636 plus
976 553 1422 637 praesentibus.

440 666 750 732 Libenter
776 665 900 729 hoc
930 671 997 729 et
1026 686 1216 729 omne
1246 664 1632 729 militabitur

527 777 785 841 Bellum
815 777 886 839 in
914 784 1045 841 tuae
1076 797 1257 860 spem
1286 776 1509 859 gratiae
1529 801 1550 855 3

262 896 348 957 25
439 893 595 957 Non
624 900 700 955 ut
723 890 1014 974 juvencis
1043 890 1290 973 illigata
1315 889 1606 974 pluribus

524 1003 761 1066 Aratra
789 1002 1085 1065 nitantur
1115 1023 1300 1066 mea:

437 1113 720 1178 Pecusve
751 1112 1040 1178 Calabris
1070 1120 1221 1175 ante
1251 1110 1426 1174 sidus
1455 1108 1771 1174 fervidum

524 1223 790 1286 Lucana
820 1228 1031 1286 mutet
1062 1221 1310 1304 pascuis
1336 1245 1350 1284 :

437 1333 581 1397 Nec
609 1340 685 1395 ut
714 1333 973 1416 superni
1000 1333 1150 1396 villa
1178 1332 1457 1395 candens
1486 1330 1748 1395 Tusculi

269 1444 358 1506 30
531 1443 773 1507 Circoea
800 1450 1025 1527 tangat
1054 1443 1312 1507 moenia.
2293 1460 2386 1503 cir.
2405 1459 2456 1502 c.
2473 1461 2512 1502 3.
2531 1460 2595 1501 ιο.
2613 1462 2655 1503 s.

447 1554 618 1617 Satis
646 1574 959 1639 superque
989 1575 1093 1618 me
1122 1552 1486 1636 benignitas
1516 1558 1632 1615 tua
2290 1589 2355 1629 μ.
2376 1576 2482 1670 0.ςὲ
2503 1578 2653 1670 {3:331

402 1696 411 1705 ,
525 1665 778 1729 Ditavit
805 1690 819 1730 ε
867 1664 1041 1728 haud
1071 1685 1394 1748 paravere,

442 1775 635 1843 Quod
666 1783 779 1840 aut
809 1797 1032 1839 avarus
1059 1783 1134 1838 ut
1164 1775 1472 1840 Chremes
1499 1781 1673 1839 terra
1698 1794 2011 1858 premam,

522 1886 891 1951 Discinctus
921 1894 1032 1951 aut
1059 1886 1321 1972 perdam
1350 1907 1569 1970 nepos.

1209 2296 1310 2360 ΙΙ.

385 2447 430 2478 “
448 2442 712 2508 Eurus
742 2443 873 2522 ille,
906 2443 1016 2527 qui
1043 2443 1267 2527 procul
1295 2444 1589 2527 negotiis,

533 2557 632 2620 Ut
659 2555 867 2639 prisca
894 2576 1051 2638 gens
1079 2555 1470 2632 mortalium,

442 2665 722 2729 Paterna
748 2685 898 2728 rura
928 2663 1130 2729 bobus
1160 2672 1413 2729 exercet
1442 2664 1594 2743 suis,

530 2775 794 2838 Solutus
822 2775 1001 2839 omni
1030 2775 1270 2841 fenore.

314 2889 353 2947 5
439 2886 672 2970 Neque
702 2887 1017 2951 excitatur
1045 2879 1308 2952 classico
1337 2887 1520 2953 miles
1549 2888 1740 2968 truci,

528 2997 761 3080 Neque
789 2997 1007 3062 horret
1036 2998 1276 3061 iratum
1304 3020 1499 3076 mare,

442 3110 811 3192 Forumque
839 3109 1000 3173 vitat
1028 3119 1095 3174 et
1124 3111 1395 3194 superba
1424 3111 1661 3176 civium

531 3220 978 3285 Potentiorum
1007 3221 1253 3285 limina.

442 3331 617 3414 Ergo
647 3340 759 3395 aut
789 3331 1008 3395 adulta
1036 3332 1263 3395 vitium
1295 3331 1640 3415 propagine

281 3441 365 3502 10
536 3442 723 3505 Altas
752 3442 1013 3505 maritat
1040 3444 1327 3526 populos,
2298 3465 2627 3507 10.c.4.5.³o.

440 3553 581 3616 Aut
606 3552 677 3616 in
705 3553 973 3617 reducta
1002 3554 1162 3617 valle
1192 3553 1623 3637 mugientium

528 3664 903 3747 Prospectat
934 3672 1215 3728 errantes
1248 3686 1470 3748 greges
1493 3690 1514 3742 3

445 3772 833 3858 Inutilisque
863 3776 1023 3840 falce
1053 3798 1263 3840 ramos
1290 3785 1632 3860 amputans

530 3886 872 3950 Feliciores
901 3887 1167 3964 inserit;

271 3995 352 4057 15
443 3996 581 4059 Aut
602 4018 826 4080 ‘pressa
855 3998 1032 4080 puris
1061 3998 1254 4061 mella
1284 3978 1503 4061 condit
1534 3996 1854 4082 amphoris
1878 4022 1897 4075 ;

529 4110 667 4173 Aut
697 4110 924 4175 tondet
954 4111 1240 4174 infirmas
1270 4132 1416 4175 oves
1438 4139 1457 4189 ;

272 4265 359 4315 26.
393 4268 538 4316 meis.
670 4272 751 4319 28.
790 4285 1000 4332 pascua.
1135 4270 1215 4316 34.
1252 4273 1622 4334 ut......nepos.
1825 4271 1902 4316 13.
1938 4269 2269 4328 inutilesque.

2197 4367 2244 4413 K
2278 4367 2309 4412 2
