3025 4776
356 333 469 387 226
728 327 735 333 ’
1195 319 1260 392 ρ.
1318 317 1637 376 HORATJ
1683 311 1972 372 FLAool

792 489 999 570 Surge
1028 492 1095 549 et
1124 480 1495 547 inhuman'ae
1524 479 1775 544 senium
1805 476 2050 560 depone
2081 475 2402 561 Cramenoe,

364 620 428 667 ⁴8·
449 614 492 656 S·
512 615 549 655 2-
571 616 609 655 2·
629 614 693 655 2⁰-
792 602 997 664 Ceues
1026 603 1101 660 ut
1130 595 1369 679 pariter
1396 591 1733 677 pulmenta
1759 587 2084 652 laboribus
2113 562 2372 667 empta}

794 708 1102 774 Romanis
1131 706 1438 769 sollemne
1466 704 1618 768 viris
1649 723 1830 785 opus,
1861 699 2021 762 utile
2050 697 2240 760 famae

792 822 1090 903 Vitaeque
1118 825 1185 882 et
1213 815 1538 892 membris,
1570 811 1923 897 praesertim
1954 829 2104 871 cum
2132 806 2341 870 valeas
2370 810 2436 867 et

794 933 918 994 Vel
950 951 1030 993 cu
1094 951 1138 992 u
1169 946 1466 1011 superare
1495 944 1723 988 canem
1749 921 1852 984 vel
1879 919 2121 982 viribus
2152 937 2379 999 aprum

796 1039 1029 1104 Possis.
1118 1035 1326 1113 Adde,
1356 1032 1563 1096 virilia
1592 1029 1764 1114 quod
1792 1027 2135 1112 speciosius
2164 1046 2344 1088 arma

795 1153 950 1216 Non
981 1156 1078 1213 est
1108 1147 1219 1231 qui
1249 1150 1484 1209 tractet
1504 1105 1548 1222 ᾗ
1572 1142 1718 1220 scis,
1751 1162 1878 1224 quo
1909 1139 2183 1202 clamore
2213 1155 2463 1199 coronae

799 1260 1036 1326 Proelia
1064 1257 1377 1322 sustineas
1407 1252 1784 1336 campestria
1806 1277 1824 1329 ς
1871 1249 2145 1332 denique
2175 1267 2407 1311 saevam

378 1383 489 1424 0⁰²⁸·
511 1379 560 1421 0·
580 1381 619 1470 ξς
638 1381 677 1469 33
698 1378 761 1467 {33-
802 1370 1112 1436 Militiam
1142 1389 1301 1452 puer
1329 1373 1395 1430 et
1426 1362 1810 1429 Cantabrica
1835 1361 2006 1424 bella
2036 1357 2245 1421 tulisti

375 1481 557 1572 '’W-¹4}
574 1481 773 1571 2¹12}
806 1483 939 1546 Sub
972 1482 1153 1558 duce,
1186 1478 1296 1563 qui
1324 1475 1582 1558 templis
1612 1472 2003 1537 Parthorum
2031 1470 2216 1553 signa
2243 1467 2455 1550 refigit

804 1595 1001 1658 Nunc
1032 1598 1120 1669 et,
1155 1590 1209 1653 si
1241 1587 1398 1673 quid
1428 1586 1631 1660 abest,
1662 1583 1850 1648 Italis
1881 1581 2207 1665 adjudicat
2237 1578 2450 1642 armis.

805 1708 927 1782 Ac,
957 1723 1039 1766 ne
1070 1709 1134 1765 te
1161 1698 1447 1762 retrahas
1477 1703 1545 1760 et
1572 1692 2017 1758 inexcusabilis
2047 1690 2235 1768 absis,

382 1837 779 1882 aemesam.
811 1811 1120 1879 Quamvis
1150 1810 1243 1871 nil
1270 1814 1450 1872 extra
1477 1809 1820 1868 numerum
1852 1801 2072 1866 fecisse
2100 1799 2491 1881 modumque

383 1953 484 1995 κ’φ-
506 1939 746 1982 S·²·1·⁷²³-
811 1925 1053 1987 Curas:
1099 1917 1425 1982 interdum
1454 1914 1716 1998 nugaris
1745 1933 1893 1976 rure
1913 1918 2188 2000 ‘paterno
2202 1935 2224 1988 3

813 2031 1103 2098 Partitur
1126 2029 1351 2091 lintres
1380 2025 1732 2102 exercitus3
1779 2022 1973 2086 Actia
1999 2041 2216 2104 pugna

811 2146 902 2208 Te
932 2142 1091 2205 duce
1119 2160 1233 2224 per
1262 2158 1490 2222 pueros
1518 2135 1737 2199 hostili
1768 2153 1945 2197 more
1974 2132 2287 2207 refertur;

812 2251 1229 2319 Adversarius
1258 2257 1356 2313 est
1384 2248 1599 2325 frater,
1633 2247 1809 2309 lacus
1841 2243 2109 2320 Hadria,
2142 2242 2344 2305 donec

816 2365 1221 2431 Alterutrum
1256 2359 1438 2423 velox
1468 2355 1762 2420 Victoria
1788 2344 2014 2419 fronde
2045 2358 2328 2416 coronet.

817 2473 1191 2541 Consentire
1220 2470 1353 2533 suis
1381 2467 1612 2531 studiis
1643 2466 1753 2549 qui
1783 2464 2120 2529 crediderit
2148 2471 2234 2540 te,

817 2589 1061 2651 Fautor
1089 2591 1362 2666 utroque
1391 2587 1579 2641 tuum
1608 2576 1896 2643 laudabit
1927 2575 2149 2658 pollice
2179 2573 2424 2637 ludum.

819 2698 1127 2762 Protinus
1154 2700 1230 2756 ut
1263 2711 1581 2765 moneam,
1613 2688 1667 2750 si
1699 2686 1852 2770 quid
1880 2685 2214 2749 monitoris
2244 2705 2391 2767 eges
2419 2691 2514 2761 tu,

824 2808 1000 2876 Quid
1029 2806 1109 2869 de
1140 2822 1390 2887 quoque
1419 2800 1557 2864 viro
1586 2805 1654 2862 et
1683 2798 1786 2861 cui
1817 2797 2009 2874 dicas,
2041 2817 2206 2879 saepe
2235 2794 2470 2858 videto.

825 2922 1345 2983 Percontatorem
1375 2911 1607 2993 fugito,
1637 2930 1791 2972 nam
1823 2908 2114 2990 garrulus
2143 2906 2312 2970 idem
2353 2913 2473 2985 est,

369 3057 382 3073 ·
404 3056 510 3087 eom·
532 3041 772 3085 8-1-4-88-
825 3032 970 3094 Nec
1000 3026 1282 3091 retinent
1311 3021 1547 3106 patulae
1576 3018 1916 3083 commissa
1944 3017 2219 3080 fideliter
2247 3038 2453 3096 aures,

406 3163 487 3204 err.
508 3161 560 3202 A.
584 3160 629 3201 P.
650 3159 739 3200 390.
827 3140 917 3203 Et
946 3136 1144 3202 semel
1173 3133 1479 3198 emissum
1508 3130 1681 3193 volat
1708 3128 2114 3192 irrevocabile
2144 3129 2430 3192 verbum.

829 3254 985 3317 Non
1015 3248 1246 3313 ancilla
1273 3254 1462 3309 tuum
1486 3243 1672 3325 jecur
1698 3240 1941 3304 ulceret
1969 3240 2102 3303 ulla
2129 3261 2363 3323 puerve

834 3369 1020 3431 Intra
1048 3378 1479 3425 marmoreum
1506 3352 1850 3418 venerandi
1878 3351 2077 3415 limen
2108 3350 2315 3431 amici,

832 3478 941 3542 Ne
971 3472 1267 3538 dominus
1296 3466 1478 3552 pueri
1505 3462 1756 3547 pulchri
1785 3482 2025 3527 caraeve
2057 3462 2282 3546 puellae

835 3591 1112 3654 Munere
1143 3590 1207 3646 te
1237 3599 1430 3664 parvo
1457 3576 1606 3640 beet
1636 3580 1747 3636 aut
1774 3572 2218 3637 incommodus
2247 3578 2462 3655 angat.

2708 803 2798 863 50

2718 1909 2880 1968 60-

2748 3578 2832 3640 '75

840 3700 1115 3768 Qualem
1144 3687 1570 3764 commendes,
1604 3672 1800 3749 etiam
1830 3690 2023 3767 atque
2050 3682 2249 3747 etiam
2278 3682 2551 3768 adspice,
2576 3703 2658 3747 ne
2682 3705 2834 3747 mox

838 3808 1173 3875 Incutiant
1203 3803 1409 3866 aliena
1436 3797 1558 3862 tibi
1585 3801 1847 3880 peccata
1873 3794 2201 3878 pudorem.

419 3944 506 3983 tm
527 3938 579 3981 Β.
600 3939 637 3979 1-
656 3939 695 3978 ⁹-
715 3939 755 3978 ³·
841 3920 1153 3989 Fallimur
1181 3904 1602 3997 et'quondam
1631 3928 1763 3970 non
1793 3906 2063 3989 dignum
2101 3905 2458 3971 tradimus:
2508 3926 2661 3990 ergo

846 4036 1057 4099 Quem
1087 4048 1203 4091 sua
1232 4024 1417 4107 culpa
1444 4026 1713 4105 premet,
1746 4018 2049 4100 deceptus
2079 4016 2308 4081 omitte
2335 4017 2528 4096 tueri,

845 4144 942 4208 Ut
971 4137 1225 4222 penitus
1254 4138 1503 4207 notum,
1535 4127 1591 4191 si
1619 4132 1937 4210 temptent
1967 4125 2255 4203 crimina,
2288 4146 2496 4190 serves

1378 4301 1456 4351 58.
1481 4303 1672 4361 abates,
1699 4303 1795 4348 Bon
1805 4302 1838 4350 t.
1972 4299 2052 4349 69.
2077 4298 2100 4350 P
2126 4299 2330 4347 idemst.

2753 4130 2842 4191 80
