3025 4776
389 334 506 390 επ
1237 335 1306 411 ρ.
1349 334 1670 396 nomm
1699 336 1990 397 1¹onae

817 501 960 568 Nec
991 503 1148 569 deus
1176 505 1454 584 intersit,
1485 506 1615 571 nisi
1644 506 1877 591 dignus
1905 507 2158 572 vindice
2185 508 2395 572 nodus

817 613 1133 679 Inciderit
1153 641 1174 694 3
1220 637 1339 680 nec
1369 624 1600 699 quarta
1625 617 1803 701 loqui
1833 639 2102 702 persona
2129 618 2396 683 laboret.

813 731 1076 794 Actoris
1106 739 1319 814 partes
1349 730 1583 796 chorus
1611 733 2017 816 officiumque
2045 733 2227 797 virile

815 838 1157 930 Defendat,
1189 861 1317 904 neu
1344 840 1502 924 quid
1529 840 1772 906 medios
1801 842 2146 906 intercinat
2174 850 2378 921 actus,

817 948 1011 1015 Quod
1039 970 1170 1012 non
1199 948 1525 1033 proposito
1553 949 1871 1013 conducat
1898 957 1966 1013 et
1994 950 2235 1014 hoereat
2264 958 2434 1035 apte.

816 1061 940 1126 Ille
968 1061 1153 1126 bonis
1185 1063 1518 1145 faveatque
1547 1069 1613 1125 et
1643 1061 2016 1126 consilietur
2044 1062 2268 1142 amice,

814 1172 904 1235 Et
931 1179 1113 1255 regat
1140 1172 1336 1237 iratos
1366 1179 1432 1236 et
1462 1179 1636 1236 amet
1662 1193 1892 1256 pacare
1920 1180 2247 1237 tumentes
2272 1199 2292 1252 3

395 1290 483 1331 bre·
504 1288 556 1333 ¹³·
579 1291 614 1332 ¹·
636 1291 698 1331 14
713 1291 780 1333 ³⁵·
817 1283 940 1348 Ille
969 1283 1160 1367 dapes
1189 1283 1408 1348 laudet
1436 1304 1678 1348 mensae
1707 1283 1937 1363 brevis,
1968 1284 2078 1348 ille
2106 1283 2428 1350 salubrem

392 1417 557 1457 cmv·-
578 1406 789 1449 (λθ-σω.
816 1394 860 1455 J
862 1392 1149 1456 ustitiam
1177 1392 1475 1476 legesque
1504 1400 1572 1457 et
1603 1393 2001 1477 apertis-otia
2027 1394 2270 1478 portis;

459 1510 467 1518 “
816 1503 939 1568 Ille
966 1510 1146 1587 tegat
1175 1504 1515 1567 commissa
1543 1502 1821 1588 deosque
1849 1513 2149 1587 precetur
2175 1513 2243 1569 et
2270 1513 2434 1584 oret,

817 1615 915 1680 Ut
943 1614 1162 1678 redeat
1191 1613 1456 1692 miseris,
1488 1613 1679 1678 abeat
1708 1614 1968 1678 fortuna
1997 1615 2309 1699 superbis.

815 1723 999 1789 Tibia
1025 1745 1178 1802 non,
1211 1731 1287 1788 ut
1313 1745 1507 1804 nunc,
1541 1724 1866 1790 orichalco
1894 1726 2109 1790 vincta
2136 1724 2439 1809 tuboeque

814 1833 1099 1907 AEmula‚
1131 1832 1245 1897 sed
1274 1835 1488 1898 tenuis
1517 1835 1912 1918 simplexque
1940 1835 2252 1899 foramine
2279 1856 2482 1919 pauco

812 1943 1156 2027 Adspirate
1186 1952 1252 2009 et
1281 1945 1499 2009 adesse
1530 1945 1740 2009 choris
1770 1953 1908 2010 erat
1935 1946 2113 2009 utilis
2144 1953 2339 2030 atque

655 2063 693 2102 ⁹
714 2061 780 2104 ⁴¹·
814 2052 1126 2117 Nondum
1156 2055 1358 2139 spissa
1385 2055 1578 2118 nimis
1608 2055 1924 2139 complere
1953 2055 2179 2119 sedilia
2208 2055 2404 2133 flatu,

542 2062 608 2103 ..l
632 2063 649 2100 l

570 2115 608 2153 2
633 2115 667 2153 l
687 2114 752 2154 ω
815 2165 964 2231 Quo
992 2186 1144 2229 sane
1171 2166 1445 2249 populus
1473 2165 1888 2229 numerabilis
1919 2172 2144 2249 utpote
2173 2186 2404 2248 parvus

383 2283 481 2333 fr·-
504 2284 545 2324 S
564 2285 602 2375 3
622 2286 660 2375 g·
680 2283 744 2375 ᾖ
812 2276 901 2337 Et
928 2275 1100 2359 frugi
1130 2284 1468 2359 castusque
1497 2276 2017 2358 verecundusque
2059 2275 2293 2341 coibat.

402 2460 409 2463 ‚
814 2387 1166 2470 Postquam
1198 2387 1391 2471 coepit
1421 2408 1607 2470 agros
1634 2386 1978 2451 extendere
2009 2386 2213 2451 victor
2241 2395 2307 2452 et
2336 2386 2528 2451 urbes

394 2509 485 2550 ‘1⁶⁰-
505 2509 613 2598 (λζ
628 2509 670 2598 ἐ
686 2508 755 2599 3⁰·
816 2497 1041 2561 Latior
1069 2496 1368 2581 amplecti
1399 2518 1622 2560 murus
1651 2497 1925 2581 vinoque
1955 2496 2187 2562 diurno

398 2608 1065 2701 a...¹};.¹2·¹1⁹·1¹¹·Pl¹²0⁸fi
1096 2608 1343 2672 Genius
1370 2607 1599 2672 festis
1581 2629 1843 2691 impune
1873 2607 2118 2686 diebus,

815 2718 1105 2782 Accessit
1133 2719 1542 2802 numerisque
1573 2718 1903 2801 modisque
1931 2718 2192 2783 licentia
2221 2718 2465 2801 major;

392 2872 468 2913 m,
490 2872 596 2914 03-
618 2872 763 2914 1210.
819 2830 1129 2893 Indoctus
1159 2828 1314 2911 quid
1344 2830 1519 2892 enim
1547 2836 1797 2912 saperet
1827 2829 2113 2911 liberque
2142 2829 2438 2892 laborum

819 2940 1125 3003 Rusticus
1155 2939 1403 3003 urbano
1434 2937 1763 3017 confusus,
1795 2939 2002 3021 turpis
2031 2937 2301 3002 honesto
2351 2966 2382 2987 ι

821 3048 929 3111 Sic
958 3048 1180 3132 priscae
1209 3056 1587 3130 motumque
1616 3054 1684 3111 et
1711 3047 2026 3111 luxuriem
2057 3046 2270 3111 addidi
2343 3055 2467 3111 arti

816 3157 1081 3222 Tibicen
1107 3157 1433 3239 traxitque
1462 3176 1664 3239 vagus
1693 3177 1805 3239 per
1834 3155 2083 3241 pulpita
2109 3165 2352 3220 vestem
2374 3181 2393 3234 3

821 3268 928 3332 Sic
957 3268 1154 3331 etiam
1185 3267 1417 3330 fidibus
1447 3287 1631 3330 voces
1662 3286 1912 3330 crevere
1953 3266 2205 3344 severis,

816 3380 905 3442 Et
934 3378 1087 3442 tulit
1117 3377 1443 3461 eloquium
1472 3376 1803 3440 insolitum
1834 3375 2133 3440 facundia
2160 3398 2460 3462 praeceps,

821 3489 1224 3572 Utiliumque
1253 3509 1447 3570 sagax
1477 3507 1691 3550 rerum
1714 3493 1781 3550 et
1811 3486 2025 3549 divina
2052 3487 2254 3551 futuri

820 3599 1152 3683 Sortilegis
1180 3620 1313 3663 non
1341 3598 1688 3682 discrepuit
1716 3598 2035 3662 sententia
2064 3598 2356 3682 Delphis.

817 3710 1116 3774 Carmine
1146 3710 1257 3792 qui
1287 3708 1532 3792 tragico
1560 3709 1751 3772 vilem
1780 3708 2047 3773 certavit
2076 3708 2159 3772 ob
2189 3709 2466 3787 hircum,

817 3822 976 3885 Mox
1005 3820 1198 3884 etiam
1229 3827 1510 3902 agrestes
1545 3820 1809 3903 Satyros
1838 3819 2109 3883 nudavit
2139 3827 2207 3883 et
2234 3840 2417 3903 asper

817 3930 1138 3995 Incolumi
1170 3930 1480 4012 gravitate
1502 3930 1726 4013 jocum
1754 3929 2091 4013 temptavit
2120 3950 2217 4008 eo,
2251 3930 2423 4012 quod

818 4040 1147 4104 Illecebris
1178 4046 1315 4102 erat
1345 4046 1411 4101 et
1442 4046 1626 4121 grata
1654 4040 1938 4103 novitate
1967 4039 2313 4104 morandus

820 4154 1154 4234 Spectator
1182 4147 1574 4230 functusque
1603 4148 1798 4212 sacris
1828 4158 1894 4213 et
1922 4155 2112 4232 potus
2141 4156 2208 4213 et
2236 4149 2435 4214 exlex.

392 3231 489 3269 va).
514 3218 555 3259 S.
575 3220 612 3258 2.
634 3219 675 3261 4.
693 3218 760 3262 ⁷⁷.

1228 4335 1340 4385 196.
1376 4334 1572 4384 amicis.
1731 4334 1843 4388 197.
1879 4350 2095 4400 peccare
2120 4337 2383 4386 timentes.

2690 956 2822 1016 195

2682 1510 2823 1571 200

2681 2059 2815 2119 205

2683 2612 2822 2673 210

2678 3160 2815 3221 215

2684 3713 2824 3775 220
