3025 4776
376 307 489 361 256

379 815 486 845 «νυ.
509 803 550 844 S.
573 802 608 842 1.
628 803 667 844 4.
689 802 775 843 101.

381 2280 490 2320 putu.
511 2268 563 2308 Β.
584 2268 621 2307 2.
643 2268 679 2306 2.
701 2267 764 2306 99.

387 2488 481 2530 345.
503 2477 554 2518 Ε.
579 2478 615 2518 l.
635 2477 698 2516 20.
720 2477 757 2515 2.

404 3942 515 3984 Cher.
532 3939 632 3981 Rs.
648 3940 683 3979 1.
698 3940 786 3979 233.

1215 297 1279 370 ρ.
1337 297 1656 355 HORATJ
1702 294 1992 353 nacci

808 463 1006 526 Filius
1034 461 1278 540 Albini,
1313 462 1382 524 Si
1413 460 1492 524 de
1523 459 1882 543 quincunce
1910 465 2157 522 remota
2185 464 2284 521 est

806 573 1037 650 Uncia,
1069 572 1223 656 quid
1252 580 1508 655 superat
1530 572 1560 633 ἲ
1598 605 1610 614 ·
1654 571 1918 634 Poteras
1946 568 2200 632 dixisse.
2275 567 2519 632 Triens.
2610 569 2711 631 Eu
2741 569 2757 631 ξ

806 685 971 746 Rem
1002 681 1246 767 poteris
1276 703 1528 746 servare
1557 689 1761 744 tuam.
1853 679 2048 744 Redit
2075 678 2288 757 uncia,
2322 679 2478 762 quid
2506 679 2583 743 fit
2608 679 2635 742 ἲ

808 794 1038 858 Semis.
1129 796 1222 857 At
1250 793 1391 856 haec
1419 793 1668 855 animos
1697 812 1912 874 aerugo
1942 799 2008 854 et
2039 810 2192 853 cura
2219 790 2431 873 peculi
2676 791 2810 852 330

806 907 974 968 Cum
1006 905 1203 969 semel
1231 905 1559 981 imbuerit,
1590 924 1918 987 speramus
1948 902 2233 965 carmina
2258 901 2417 984 fingi

807 1017 999 1079 Posse
1027 1015 1288 1079 linenda
1315 1015 1505 1079 cedro
1534 1023 1600 1079 et
1629 1014 1750 1077 levi
1781 1013 2088 1076 servanda
2115 1033 2410 1095 cupresso
2431 1013 2461 1074 ¹?

805 1131 945 1191 Aut
974 1127 1268 1210 prodesse
1297 1126 1523 1189 volunt
1553 1132 1667 1188 aut
1697 1124 2013 1188 delectare
2055 1128 2285 1206 poetae,

806 1239 945 1298 Aut
975 1235 1167 1298 simul
1195 1244 1262 1297 et
1283 1233 1574 1317 jucunda
1603 1241 1670 1296 et
1698 1232 1928 1296 idonea
1956 1232 2165 1295 dicere
2196 1231 2364 1295 vitae.

810 1348 1142 1431 Quidquid
1169 1347 1517 1431 praecipies,
1549 1353 1687 1410 esto
1717 1345 1945 1423 brevis,
1978 1351 2054 1408 ut
2083 1345 2213 1408 cito
2243 1345 2417 1408 dicta
2675 1346 2804 1407 333

810 1460 1173 1543 Percipiant
1203 1459 1402 1521 animi
1431 1457 1666 1521 dociles
1695 1464 2082 1538 teneantque
2111 1455 2329 1519 fideles
2352 1480 2372 1532 3

808 1574 1020 1634 Omne
1049 1591 1508 1653 supervacuum
1537 1569 1725 1652 pleno
1753 1568 1833 1631 de
1863 1576 2115 1651 pectore
2144 1574 2385 1631 manat.

810 1682 996 1745 Ficta
1022 1680 1366 1762 voluptatis
1396 1700 1588 1742 causa
1616 1679 1746 1743 sint
1775 1679 2064 1762 proxima
2092 1679 2277 1754 veris,

809 1790 1429 1885 Nechuodcumque
1458 1790 1650 1869 volet,
1681 1799 1900 1874 poscat
1930 1790 2051 1853 sibi
2079 1790 2297 1853 fabula
2326 1789 2520 1867 credi,

811 1905 963 1966 Neu
994 1923 1242 1985 pransae
1274 1902 1518 1966 Lamiae
1545 1902 1761 1964 vivum
1790 1922 2061 1985 puerum
2092 1900 2386 1964 extrahat
2416 1901 2573 1963 alvo·
2682 1904 2816 1963 340

810 2013 1139 2077 Centuriae
1168 2013 1491 2078 seniorum
1523 2012 1770 2095 agitant
1800 2012 2083 2095 expertia
2112 2011 2338 2094 frugis,

813 2125 983 2190 Celsi
1011 2132 1400 2208 praetereunt
1428 2133 1682 2188 austera
1710 2130 2006 2208 poeuiata
2035 2127 2318 2188 Ramnes
2346 2151 2359 2188 :

813 2239 1025 2301 Omne
1052 2236 1206 2299 tulit
1235 2245 1571 2318 punctum,
1605 2236 1714 2318 qui
1746 2235 2003 2299 miscuit
2033 2234 2190 2298 utile
2220 2235 2415 2311 dulci,

814 2348 1149 2411 Lectorem
1183 2346 1560 2411 delectando
1590 2346 1950 2432 pariterque
1979 2346 2298 2411 monendo
2324 2372 2340 2412 ε

816 2459 946 2521 Hic
974 2465 1177 2521 meret
1206 2478 1334 2521 oera
1363 2458 1524 2521 liber
1554 2458 1752 2521 Sosiis
1775 2483 1794 2534 3
1841 2457 1947 2520 hic
1975 2464 2042 2520 et
2072 2476 2247 2519 mare
2276 2456 2511 2520 transit
2682 2459 2814 2519 345

812 2570 901 2632 Et
928 2569 1194 2651 longum
1224 2576 1381 2633 noto
1410 2568 1706 2651 scriptori
1735 2574 2037 2651 prorogat
2064 2588 2291 2630 aevum.

819 2683 988 2744 Sunt
1016 2681 1245 2744 delicta
1274 2689 1516 2757 tamen,
1550 2681 1780 2763 quibus
1808 2681 2122 2764 ignovisse
2150 2681 2418 2744 velimus
2438 2705 2459 2758 3

814 2791 989 2855 Nam
1019 2813 1226 2875 neque
1256 2792 1495 2856 chorda
1523 2813 1753 2855 sonum
1781 2791 2014 2871 reddit,
2046 2813 2235 2874 quem
2287 2791 2421 2856 volt
2467 2811 2696 2855 manus
2750 2802 2820 2856 ct

1162 2923 1366 2979 mens,

818 3008 1236 3093 Poscentique
1267 3032 1522 3093 gravem
1554 3032 1831 3095 persaepe
1859 3011 2135 3075 remittit
2163 3021 2425 3076 acutum
2447 3039 2468 3092 3

816 3122 959 3184 Nec
989 3142 1238 3205 semper
1264 3122 1449 3187 feriet
1479 3123 1923 3205 quodcumque
1952 3124 2304 3188 minabitur
2330 3147 2534 3191 arcus.
2688 3131 2826 3191 350

816 3233 1064 3295 Verum
1098 3232 1207 3295 ubi
1238 3234 1421 3315 plura
1449 3234 1660 3296 nitent
1690 3234 1757 3296 in
1787 3235 2089 3313 carmine,
2121 3256 2253 3299 non
2282 3257 2401 3320 ego
2430 3236 2645 3320 paucis

820 3341 1126 3405 Offendar
1156 3344 1440 3420 maculis,
1475 3365 1631 3426 quas
1661 3356 1772 3407 aut
1802 3345 2048 3408 incuria
2074 3345 2242 3409 fudit

820 3454 959 3515 Aut
989 3452 1271 3515 humana
1298 3475 1524 3535 parum
1556 3454 1722 3517 cavit
1750 3461 2000 3519 natura.
2093 3455 2269 3520 Quid
2299 3456 2556 3540 ergoet?

826 3564 922 3625 Ut
951 3564 1222 3646 scriptor
1250 3564 1317 3626 si'
1335 3571 1558 3647 peccat
1586 3564 1757 3628 idem
1789 3565 2085 3629 librarius
2115 3587 2339 3649 usque,

826 3674 1136 3739 Quamvis
1164 3681 1261 3737 est
1294 3674 1597 3747 monitus,
1627 3677 1812 3739 venia
1843 3684 2015 3740 caret
2039 3702 2058 3753 3
2107 3684 2181 3739 ut
2214 3677 2605 3742 citharoedus
2692 3682 2825 3743 355

826 3784 1120 3860 Ridetur,
1153 3783 1389 3847 chorda
1418 3784 1530 3866 qui
1559 3805 1807 3868 semper
1835 3784 2089 3849 oberrat
2119 3785 2342 3849 eadem
2372 3813 2387 3853 ε

828 3895 935 3957 Sic
965 3894 1144 3971 mihi,
1178 3894 1287 3976 qui
1316 3895 1597 3957 multum
1628 3903 1848 3972 cessat,
1882 3896 1957 3958 fit
1988 3896 2309 3961 Choerilus
2336 3897 2465 3976 ille,

828 4009 1040 4072 Quem
1072 4004 1169 4068 bis
1199 4013 1373 4068 terve
1402 4005 1644 4068 bonum
1677 4027 1824 4070 cum
1853 4006 1988 4069 risu
2016 4008 2213 4070 miror
2228 4033 2247 4085 3
2297 4016 2363 4071 et
2390 4009 2563 4072 idem

828 4120 1157 4202 Indignor,
1192 4119 1572 4202 quandoque
1601 4119 1807 4184 bonus
1835 4121 2141 4186 dormitat
2173 4122 2520 4186 Homerus.

896 4304 1007 4354 327.
1048 4306 1067 4351 Ρ
1097 4310 1360 4350 romum—tt.
1498 4307 1612 4353 32⁸.
1650 4310 1873 4366 pnivmt.
2007 4308 2119 4355 330.
2156 4323 2240 4356 an.
2378 4309 2492 4358 353.
2528 4324 2652 4368 erg«)
2677 4320 2777 4359 emt,
