3025 4776
281 280 392 336 148
1118 284 1184 359 Q.
1227 284 1545 347 HORATI
1587 285 1879 349 FLAoot

704 436 1099 523 Exspectans
1129 443 1417 509 comites.
1508 447 1552 508 J
1556 466 1660 508 am
1688 467 1814 510 nox
1843 445 2145 512 inducere
2174 448 2362 514 terris
2583 526 2588 530 ,

707 546 991 613 Umbras
1022 557 1087 613 et
1118 552 1275 615 caelo
1304 552 1660 619 diffundere
1692 556 1876 639 signa
1903 559 2167 641 parabat
2190 585 2210 637 3
2612 564 2697 626 10

703 660 870 723 Tum
901 662 1078 744 pueri
1108 663 1345 742 nautis,
1376 665 1593 748 pueris
1623 667 1908 731 convicia
1934 677 2150 734 nautae

282 778 387 830 ΟΜ»
408 778 449 822 8·
469 781 507 822 ²-
528 781 565 823 ¹⁵·
585 782 649 823 ⁹⁰·
704 772 1008 856 Ingerere
1035 795 1052 836 τ
1099 773 1254 837 Huc
1284 775 1526 858 appelle
1553 776 1567 839 1
1658 778 2004 842 Trecentos
2034 779 2264 844 inseris
2290 781 2304 845 Ι
2402 782 2545 847 Ohe

704 886 747 947 J
750 905 855 947 am
885 884 1040 948 satis
1068 893 1167 949 est
1195 885 1209 949 Ι
1260 886 1437 949 Dum
1468 908 1555 950 aes
1585 888 1885 971 exigitur,
1917 890 2069 954 dum
2103 891 2280 955 inula
2309 894 2564 975 ligatur,

700 995 864 1059 'Pota
892 995 1027 1059 abit
1054 995 1232 1060 hora.
1321 998 1488 1060 Mali
1517 999 1754 1063 culices
1784 1021 2086 1084 ranaeque
2113 1004 2429 1086 palustres

699 1108 1021 1172 Avertunt
1050 1130 1328 1187 somnos,
1362 1109 1693 1175 absentem
1724 1120 1799 1175 ut
1829 1121 2046 1177 cantat
2077 1116 2346 1180 amicam
2612 1123 2694 1182 15
2735 1176 2740 1179 ,

270 1234 376 1276 1²²0·
398 1226 440 1269 Β.
459 1228 497 1268 2-
516 1228 554 1269 4·
574 1226 638 1269 2⁷-
700 1217 918 1282 Multa
946 1220 1237 1302 prolutus
1266 1241 1343 1283 va
1497 1229 1698 1339 napta
1726 1229 1918 1306 atque
1948 1225 2155 1287 viator

697 1327 963 1411 Incipit,
996 1350 1070 1393 ac
1098 1330 1310 1392 missae
1337 1242 1980 1415 Qfitinacula
2009 1335 2202 1399 mulae

274 1452 626 1494 re1·0·1-32-⁷-
699 1440 767 1504 N
770 1446 922 1502 auta
950 1440 1129 1523 piger
1157 1462 1308 1504 saxo
1336 1442 1567 1525 religat
1597 1444 1936 1526 stertitque
1965 1447 2250 1529 supinus.

698 1552 974 1632 Jamque
1006 1550 1139 1613 dies
1171 1549 1412 1628 aderat,
1444 1552 1536 1614 nil
1569 1573 1716 1615 cum
1745 1554 2083 1636 procedere
2113 1556 2373 1619 lintrem
2607 1560 2694 1619 20
2759 1632 2765 1641 ⁶

274 1678 360 1710 cer·
382 1667 425 1710 s·
446 1668 482 1708 ¹·
501 1668 539 1709 ⁹·
561 1668 623 1710 11·
701 1660 1068 1737 Sentimus;
1116 1659 1316 1722 donec
1346 1660 1716 1724 cerebrosus
1746 1662 1996 1745 prosilit
2024 1684 2194 1726 unus

696 1766 795 1834 Ac
826 1769 1019 1833 mulae
1047 1777 1390 1852 nautaeque
1420 1778 1614 1854 caput
1644 1771 2023 1854 lumbosque
2053 1772 2302 1855 saligno

696 1881 894 1943 Fuste
923 1879 1098 1941 dolat
1120 1905 1140 1957 ς
1188 1885 1416 1960 quarta
1443 1879 1548 1941 vix
1578 1878 1839 1943 demum
1869 1881 2246 1964 exponimur
2286 1883 2468 1946 hora.

700 1993 835 2055 Ora
862 2010 1215 2073 manusque
1244 1996 1357 2052 tua
1387 1989 1676 2067 lavimus,
1711 1992 2006 2070 Feronia,
2031 1992 2314 2076 lympha.

696 2102 887 2167 Milia
914 2109 1056 2165 tum
1085 2102 1300 2186 pransi
1329 2102 1455 2164 tria
1482 2102 1764 2185 repimus
1791 2110 1985 2187 atque
2014 2105 2303 2170 subimus
2605 2112 2690 2171 25

695 2213 1080 2297 Impositum
1110 2214 1277 2277 saxis
1304 2214 1433 2277 late
1463 2213 1886 2279 candentibus
1920 2221 2161 2280 Anxur.

694 2327 847 2391 Huc
876 2333 1181 2391 venturus
1212 2335 1347 2391 erat
1376 2326 1723 2407 Maecenas,
1755 2328 2034 2412 optimus
2064 2337 2257 2413 atque

692 2439 1018 2518 Cocceius,
1049 2439 1228 2502 missi
1259 2440 1510 2522 magnis
1540 2440 1620 2503 de
1648 2440 1841 2504 rebus
1869 2447 2142 2525 uterque

691 2550 941 2633 Legati,
974 2570 1221 2613 aversos
1251 2548 1423 2613 soliti
1453 2569 1834 2632 componere
1866 2551 2123 2615 amicos

696 2662 826 2725 Hic
854 2661 1054 2725 oculis
1084 2682 1203 2743 ego
1232 2660 1418 2743 nigra
1444 2661 1605 2724 meis
1635 2661 1899 2745 collyria
1927 2661 2136 2745 lippus
2241 2731 2250 2737 ,
2601 2670 2690 2730 30

692 2773 974 2837 Illinere.
1066 2773 1329 2836 Interea
1357 2772 1682 2835 Maecenas
1713 2771 1970 2837 advenit
2000 2779 2192 2856 atque

692 2885 999 2952 Cocceius
1029 2883 1383 2967 Capitoque
1413 2883 1607 2947 simul
1635 2883 1963 2963 Fonteius,
1997 2884 2078 2947 ad
2105 2906 2388 2969 unguem

691 2998 929 3061 Factus
957 2995 1174 3072 homo,
1205 2992 1452 3056 Antoni
1482 3013 1617 3056 non
1646 2999 1722 3055 ut
1750 2993 1955 3075 magis
1985 2993 2146 3057 alter
2176 2996 2442 3060 amicus.

693 3107 956 3171 Fundos
981 3104 1242 3170 Aufidio
1273 3106 1485 3167 Lusco
1516 3109 1786 3186 praetore
1813 3103 2087 3167 libenter

691 3217 1101 3300 Linquimus,
1131 3214 1339 3277 insani
1369 3213 1649 3276 ridentes
1681 3212 1945 3295 praemia
1973 3212 2222 3294 scribae,
2602 3223 2686 3284 35

265 3354 348 3394 cta.
371 3353 412 3395 s.
434 3353 470 3396 1.
489 3355 528 3396 s.
547 3353 612 3393 ss.
692 3331 1084 3394 Praetextam
1114 3332 1180 3389 et
1209 3324 1416 3387 latum
1447 3322 1700 3386 clavum
1729 3343 2080 3407 prunaeque
2109 3325 2425 3391 batillum.
2441 3359 2563 3439 χΜ

693 3443 779 3505 In
809 3442 1291 3505 Mamurrarum
1316 3434 1469 3496 ¹lassi
1500 3433 1730 3497 deinde
1759 3433 1920 3498 urbe
1951 3456 2308 3516 manemus,

258 3577 646 3629 prae.c.3.19.7.
692 3553 972 3617 Murena
1002 3546 1322 3631 praebente
1354 3545 1642 3621 domum,
1675 3545 1988 3628 Capitone
2017 3546 2317 3611 culinam.

692 3665 958 3727 Postera
984 3659 1095 3719 lux
1123 3655 1331 3719 oritur
1359 3654 1566 3718 multo
1596 3654 1996 3738 gratissima:
2046 3677 2320 3741 namque

266 3790 628 3842 40.E.2.1.21⁷.
692 3771 942 3837 Plotius
971 3777 1037 3833 et
1065 3766 1304 3831 Varius
1336 3766 1655 3829 Sinuessae
1684 3766 2126 3851 Virgiliusque
2342 3774 2351 3782 ’
2601 3778 2688 3837 40

353 3841 395 3884 δ’
417 3843 452 3883 1'
692 3886 1081 3958 Occurrunt,
1114 3877 1341 3943 animae
1374 3876 1593 3959 quales
1619 3898 1830 3960 neque
1862 3878 2255 3943 candidiores

691 3998 890 4062 Terra
916 3991 1069 4056 tulit
1099 4009 1306 4072 neque
1338 3988 1479 4071 quis
1510 4009 1614 4051 me
1644 3988 1730 4051 sit
1759 3988 2110 4054 devinctior
2138 3992 2317 4057 alter.

692 4110 752 4173 O
786 4104 896 4189 qui
928 4101 1293 4185 complexus
1324 4106 1390 4162 et
1422 4098 1655 4182 gaudia
1685 4107 1925 4181 quanta
1955 4100 2216 4165 fuerunt
2245 4103 2260 4165 !

693 4220 810 4287 Nil
842 4237 959 4298 ego
990 4211 1367 4279 contulerim
1392 4210 1681 4293 jucundo
1711 4231 1902 4274 sanus
1932 4212 2154 4276 amico·
