<?xml version="1.0" encoding="UTF-8"?>
<!DOCTYPE html PUBLIC "-//W3C//DTD XHTML 1.0 Transitional//EN"
    "http://www.w3.org/TR/xhtml1/DTD/xhtml1-transitional.dtd">
<html xmlns="http://www.w3.org/1999/xhtml" xml:lang="en" lang="en">
 <head>
  <title>
</title>
<meta http-equiv="Content-Type" content="text/html;charset=utf-8" />
  <meta name='ocr-system' content='tesseract 3.04.00' />
  <meta name='ocr-capabilities' content='ocr_page ocr_carea ocr_par ocr_line ocrx_word'/>
</head>
<body>
  <div class='ocr_page' id='page_1' title='image "./quintihoratifla03horagoog_0253.png"; bbox 0 0 3025 4776; ppageno 0'>
   <div class='ocr_carea' id='block_1_1' title="bbox 924 288 2685 353">
    <p class='ocr_par' dir='ltr' id='par_1_1' title="bbox 924 288 2685 353">
     <span class='ocr_line' id='line_1_1' title="bbox 924 288 2685 353; baseline -0.006 0"><span class='ocrx_word' id='word_1_1' title='bbox 924 295 1498 353; x_wconf 76' lang='lat' dir='ltr'><em>EPISTULARUM</em></span> <span class='ocrx_word' id='word_1_2' title='bbox 1568 294 1723 350; x_wconf 85' lang='lat' dir='ltr'><strong>LIB.</strong></span> <span class='ocrx_word' id='word_1_3' title='bbox 1783 294 1836 351; x_wconf 91' lang='lat' dir='ltr'><strong>I.</strong></span> <span class='ocrx_word' id='word_1_4' title='bbox 1897 290 2012 348; x_wconf 81' lang='lat' dir='ltr'><strong>xvi.</strong></span> <span class='ocrx_word' id='word_1_5' title='bbox 2575 288 2685 343; x_wconf 78' lang='lat'><strong>221</strong></span> 
     </span>
    </p>
   </div>
   <div class='ocr_carea' id='block_1_2' title="bbox 264 437 2667 2386">
    <p class='ocr_par' dir='ltr' id='par_1_2' title="bbox 397 437 2063 522">
     <span class='ocr_line' id='line_1_2' title="bbox 397 437 2063 522; baseline -0.001 -18"><span class='ocrx_word' id='word_1_6' title='bbox 397 442 619 504; x_wconf 84' lang='lat' dir='ltr'><strong>Servet</strong></span> <span class='ocrx_word' id='word_1_7' title='bbox 650 439 717 503; x_wconf 89' lang='lat' dir='ltr'><strong>in</strong></span> <span class='ocrx_word' id='word_1_8' title='bbox 750 437 1074 522; x_wconf 86' lang='lat' dir='ltr'><strong>ambiguo,</strong></span> <span class='ocrx_word' id='word_1_9' title='bbox 1109 439 1217 522; x_wconf 91' lang='lat' dir='ltr'><strong>qui</strong></span> <span class='ocrx_word' id='word_1_10' title='bbox 1250 440 1524 503; x_wconf 89' lang='lat' dir='ltr'><strong>consulit</strong></span> <span class='ocrx_word' id='word_1_11' title='bbox 1553 445 1618 502; x_wconf 91' lang='lat' dir='ltr'><strong>et</strong></span> <span class='ocrx_word' id='word_1_12' title='bbox 1650 439 1769 502; x_wconf 89' lang='lat' dir='ltr'><strong>tibi</strong></span> <span class='ocrx_word' id='word_1_13' title='bbox 1800 447 1865 502; x_wconf 91' lang='lat' dir='ltr'><strong>et</strong></span> <span class='ocrx_word' id='word_1_14' title='bbox 1896 439 2063 517; x_wconf 85' lang='lat' dir='ltr'><strong>urbi,</strong></span> 
     </span>
    </p>

    <p class='ocr_par' dir='ltr' id='par_1_3' title="bbox 264 549 1953 746">
     <span class='ocr_line' id='line_1_3' title="bbox 394 549 1953 636; baseline -0.001 -21"><span class='ocrx_word' id='word_1_15' title='bbox 394 553 435 615; x_wconf 88' lang='lat' dir='ltr'><strong>J</strong></span> <span class='ocrx_word' id='word_1_16' title='bbox 438 552 734 636; x_wconf 87' lang='lat' dir='ltr'><strong>uppiter;</strong></span> <span class='ocrx_word' id='word_1_17' title='bbox 780 551 1061 633; x_wconf 86' lang='lat' dir='ltr'>Augusti</span> <span class='ocrx_word' id='word_1_18' title='bbox 1093 549 1313 613; x_wconf 88' lang='lat' dir='ltr'><strong>laudes</strong></span> <span class='ocrx_word' id='word_1_19' title='bbox 1344 571 1686 632; x_wconf 80' lang='lat' dir='ltr'>agnoscere</span> <span class='ocrx_word' id='word_1_20' title='bbox 1714 550 1953 634; x_wconf 89' lang='lat' dir='ltr'><strong>possis:</strong></span> 
     </span>
     <span class='ocr_line' id='line_1_4' title="bbox 264 661 1906 746; baseline 0.001 -23"><span class='ocrx_word' id='word_1_21' title='bbox 264 663 350 724; x_wconf 88' lang='grc'><strong>30</strong></span> <span class='ocrx_word' id='word_1_22' title='bbox 394 662 559 725; x_wconf 90' lang='lat' dir='ltr'><strong>Cum</strong></span> <span class='ocrx_word' id='word_1_23' title='bbox 594 662 831 746; x_wconf 89' lang='lat' dir='ltr'><strong>pateris</strong></span> <span class='ocrx_word' id='word_1_24' title='bbox 860 662 1111 745; x_wconf 88' lang='lat' dir='ltr'><strong>sapiens</strong></span> <span class='ocrx_word' id='word_1_25' title='bbox 1141 661 1643 744; x_wconf 81' lang='lat' dir='ltr'><strong>emendatusque</strong></span> <span class='ocrx_word' id='word_1_26' title='bbox 1672 661 1906 738; x_wconf 84' lang='lat' dir='ltr'><strong>vocari,</strong></span> 
     </span>
    </p>

    <p class='ocr_par' dir='ltr' id='par_1_4' title="bbox 394 767 2084 856">
     <span class='ocr_line' id='line_1_5' title="bbox 394 767 2084 856; baseline -0.001 -21"><span class='ocrx_word' id='word_1_27' title='bbox 394 773 848 856; x_wconf 89' lang='lat' dir='ltr'><strong>Respondesne</strong></span> <span class='ocrx_word' id='word_1_28' title='bbox 879 767 1015 849; x_wconf 88' lang='lat' dir='ltr'><strong>tuo,</strong></span> <span class='ocrx_word' id='word_1_29' title='bbox 1052 771 1156 834; x_wconf 87' lang='lat' dir='ltr'><strong>dic</strong></span> <span class='ocrx_word' id='word_1_30' title='bbox 1187 771 1392 848; x_wconf 90' lang='lat' dir='ltr'><strong>sodes,</strong></span> <span class='ocrx_word' id='word_1_31' title='bbox 1429 771 1738 834; x_wconf 81' lang='lat' dir='ltr'><strong>nomine?</strong></span> <span class='ocrx_word' id='word_1_32' title='bbox 1831 771 2084 854; x_wconf 88' lang='lat' dir='ltr'><strong>Nempe</strong></span> 
     </span>
    </p>

    <p class='ocr_par' dir='ltr' id='par_1_5' title="bbox 389 881 1997 966">
     <span class='ocr_line' id='line_1_6' title="bbox 389 881 1997 966; baseline 0 -22"><span class='ocrx_word' id='word_1_33' title='bbox 389 883 512 945; x_wconf 87' lang='lat' dir='ltr'><strong>Vir</strong></span> <span class='ocrx_word' id='word_1_34' title='bbox 539 883 748 946; x_wconf 90' lang='lat' dir='ltr'><strong>bonus</strong></span> <span class='ocrx_word' id='word_1_35' title='bbox 778 890 844 945; x_wconf 89' lang='lat' dir='ltr'><strong>et</strong></span> <span class='ocrx_word' id='word_1_36' title='bbox 874 881 1150 966; x_wconf 89' lang='lat' dir='ltr'><strong>prudens</strong></span> <span class='ocrx_word' id='word_1_37' title='bbox 1181 881 1306 943; x_wconf 87' lang='lat' dir='ltr'><strong>dici</strong></span> <span class='ocrx_word' id='word_1_38' title='bbox 1337 881 1620 945; x_wconf 87' lang='lat' dir='ltr'><strong>delector</strong></span> <span class='ocrx_word' id='word_1_39' title='bbox 1650 902 1769 965; x_wconf 86' lang='lat' dir='ltr'><strong>ego</strong></span> <span class='ocrx_word' id='word_1_40' title='bbox 1800 902 1873 945; x_wconf 87' lang='lat' dir='ltr'><strong>ac</strong></span> <span class='ocrx_word' id='word_1_41' title='bbox 1902 888 1997 944; x_wconf 87' lang='lat' dir='ltr'><strong>tu.</strong></span> 
     </span>
    </p>

    <p class='ocr_par' dir='ltr' id='par_1_6' title="bbox 396 992 2116 1070">
     <span class='ocr_line' id='line_1_7' title="bbox 396 992 2116 1070; baseline -0.003 -11"><span class='ocrx_word' id='word_1_42' title='bbox 396 993 528 1059; x_wconf 80' lang='lat' dir='ltr'><strong>Qui</strong></span> <span class='ocrx_word' id='word_1_43' title='bbox 558 992 735 1056; x_wconf 82' lang='lat' dir='ltr'><strong>dedit</strong></span> <span class='ocrx_word' id='word_1_44' title='bbox 773 993 895 1056; x_wconf 87' lang='lat' dir='ltr'><strong>hoc</strong></span> <span class='ocrx_word' id='word_1_45' title='bbox 925 992 1136 1070; x_wconf 90' lang='lat' dir='ltr'><strong>hodie,</strong></span> <span class='ocrx_word' id='word_1_46' title='bbox 1170 1013 1331 1069; x_wconf 83' lang='lat' dir='ltr'><strong>cras,</strong></span> <span class='ocrx_word' id='word_1_47' title='bbox 1364 992 1417 1054; x_wconf 91' lang='lat' dir='ltr'><strong>si</strong></span> <span class='ocrx_word' id='word_1_48' title='bbox 1447 993 1634 1070; x_wconf 88' lang='lat' dir='ltr'><strong>volet,</strong></span> <span class='ocrx_word' id='word_1_49' title='bbox 1670 993 1934 1068; x_wconf 82' lang='lat' dir='ltr'><strong>auferet,</strong></span> <span class='ocrx_word' id='word_1_50' title='bbox 1968 999 2041 1054; x_wconf 89' lang='lat' dir='ltr'><strong>ut</strong></span> <span class='ocrx_word' id='word_1_51' title='bbox 2064 993 2116 1054; x_wconf 89' lang='lat' dir='ltr'><strong>si</strong></span> 
     </span>
    </p>

    <p class='ocr_par' dir='ltr' id='par_1_7' title="bbox 266 1101 2617 1296">
     <span class='ocr_line' id='line_1_8' title="bbox 393 1101 2617 1194; baseline -0 -27"><span class='ocrx_word' id='word_1_52' title='bbox 393 1104 718 1168; x_wconf 89' lang='lat' dir='ltr'><strong>Detulerit</strong></span> <span class='ocrx_word' id='word_1_53' title='bbox 753 1104 949 1167; x_wconf 84' lang='lat' dir='ltr'><strong>fasces</strong></span> <span class='ocrx_word' id='word_1_54' title='bbox 979 1104 1268 1185; x_wconf 84' lang='lat' dir='ltr'><strong>indignO,</strong></span> <span class='ocrx_word' id='word_1_55' title='bbox 1302 1101 1596 1165; x_wconf 85' lang='lat' dir='ltr'><strong>detrahet</strong></span> <span class='ocrx_word' id='word_1_56' title='bbox 1626 1101 1824 1194; x_wconf 86' lang='lat' dir='ltr'><strong>idem,</strong></span> <span class='ocrx_word' id='word_1_57' title='bbox 2283 1138 2348 1177; x_wconf 74' lang='lat'><strong>3⁴·</strong></span> <span class='ocrx_word' id='word_1_58' title='bbox 2371 1126 2418 1167; x_wconf 86' lang='lat' dir='ltr'><strong>e.</strong></span> <span class='ocrx_word' id='word_1_59' title='bbox 2438 1127 2477 1168; x_wconf 79' lang='lat'><strong>³.</strong></span> <span class='ocrx_word' id='word_1_60' title='bbox 2496 1127 2534 1167; x_wconf 86' lang='lat'><strong>2.</strong></span> <span class='ocrx_word' id='word_1_61' title='bbox 2555 1126 2617 1166; x_wconf 77' lang='grc' dir='ltr'><strong>ιο.</strong></span> 
     </span>
     <span class='ocr_line' id='line_1_9' title="bbox 266 1211 2201 1296; baseline 0 -22"><span class='ocrx_word' id='word_1_62' title='bbox 266 1215 347 1275; x_wconf 89' lang='grc'><strong>35</strong></span> <span class='ocrx_word' id='word_1_63' title='bbox 396 1215 594 1292; x_wconf 88' lang='lat' dir='ltr'><strong>Pone,</strong></span> <span class='ocrx_word' id='word_1_64' title='bbox 627 1236 843 1278; x_wconf 90' lang='lat' dir='ltr'><strong>meum</strong></span> <span class='ocrx_word' id='word_1_65' title='bbox 876 1223 973 1277; x_wconf 89' lang='lat' dir='ltr'><strong>est</strong></span> <span class='ocrx_word' id='word_1_66' title='bbox 996 1240 1014 1291; x_wconf 70' lang='grc' dir='ltr'><strong><em>ς</em></strong></span> <span class='ocrx_word' id='word_1_67' title='bbox 1061 1213 1295 1296; x_wconf 88' lang='lat' dir='ltr'><strong>inquit.</strong></span> <span class='ocrx_word' id='word_1_68' title='bbox 1384 1214 1566 1277; x_wconf 91' lang='lat' dir='ltr'><strong>Pono</strong></span> <span class='ocrx_word' id='word_1_69' title='bbox 1597 1211 1924 1295; x_wconf 87' lang='lat' dir='ltr'><strong>tristisque</strong></span> <span class='ocrx_word' id='word_1_70' title='bbox 1955 1211 2201 1275; x_wconf 88' lang='lat' dir='ltr'><strong>recedo.</strong></span> 
     </span>
    </p>

    <p class='ocr_par' dir='ltr' id='par_1_8' title="bbox 395 1323 1937 1406">
     <span class='ocr_line' id='line_1_10' title="bbox 395 1323 1937 1406; baseline -0.003 -18"><span class='ocrx_word' id='word_1_71' title='bbox 395 1324 583 1388; x_wconf 87' lang='lat' dir='ltr'><strong>Idem</strong></span> <span class='ocrx_word' id='word_1_72' title='bbox 616 1325 671 1387; x_wconf 89' lang='lat' dir='ltr'><strong>si</strong></span> <span class='ocrx_word' id='word_1_73' title='bbox 702 1326 935 1388; x_wconf 86' lang='lat' dir='ltr'><strong>clamet</strong></span> <span class='ocrx_word' id='word_1_74' title='bbox 963 1325 1194 1401; x_wconf 84' lang='lat' dir='ltr'><strong>furem,</strong></span> <span class='ocrx_word' id='word_1_75' title='bbox 1225 1330 1417 1405; x_wconf 86' lang='lat' dir='ltr'><strong>neget</strong></span> <span class='ocrx_word' id='word_1_76' title='bbox 1448 1343 1583 1385; x_wconf 90' lang='lat' dir='ltr'><strong>esse</strong></span> <span class='ocrx_word' id='word_1_77' title='bbox 1612 1323 1937 1406; x_wconf 88' lang='lat' dir='ltr'><strong>pudicum,</strong></span> 
     </span>
    </p>

    <p class='ocr_par' dir='ltr' id='par_1_9' title="bbox 397 1435 2023 1518">
     <span class='ocr_line' id='line_1_11' title="bbox 397 1435 2023 1518; baseline 0.001 -22"><span class='ocrx_word' id='word_1_78' title='bbox 397 1435 761 1498; x_wconf 85' lang='lat' dir='ltr'><strong>Contendat</strong></span> <span class='ocrx_word' id='word_1_79' title='bbox 790 1436 1016 1517; x_wconf 86' lang='lat' dir='ltr'><strong>laqueo</strong></span> <span class='ocrx_word' id='word_1_80' title='bbox 1048 1435 1283 1499; x_wconf 86' lang='lat' dir='ltr'><strong>collum</strong></span> <span class='ocrx_word' id='word_1_81' title='bbox 1314 1435 1614 1518; x_wconf 80' lang='lat' dir='ltr'><strong>pressisse</strong></span> <span class='ocrx_word' id='word_1_82' title='bbox 1643 1443 1979 1518; x_wconf 87' lang='lat' dir='ltr'><strong>paternum</strong></span> <span class='ocrx_word' id='word_1_83' title='bbox 2006 1461 2023 1513; x_wconf 74' lang='grc' dir='ltr'><strong><em>ς</em></strong></span> 
     </span>
    </p>

    <p class='ocr_par' dir='ltr' id='par_1_10' title="bbox 398 1545 2017 1628">
     <span class='ocr_line' id='line_1_12' title="bbox 398 1545 2017 1628; baseline -0.001 -19"><span class='ocrx_word' id='word_1_84' title='bbox 398 1545 703 1609; x_wconf 88' lang='lat' dir='ltr'><strong>Mordear</strong></span> <span class='ocrx_word' id='word_1_85' title='bbox 733 1545 1087 1628; x_wconf 86' lang='lat' dir='ltr'><strong>opprobriis</strong></span> <span class='ocrx_word' id='word_1_86' title='bbox 1116 1545 1290 1608; x_wconf 83' lang='lat' dir='ltr'><strong>falsis</strong></span> <span class='ocrx_word' id='word_1_87' title='bbox 1322 1551 1696 1626; x_wconf 88' lang='lat' dir='ltr'><strong>mutemque</strong></span> <span class='ocrx_word' id='word_1_88' title='bbox 1727 1545 2017 1608; x_wconf 86' lang='lat' dir='ltr'><strong>colores?</strong></span> 
     </span>
    </p>

    <p class='ocr_par' dir='ltr' id='par_1_11' title="bbox 268 1655 2264 1836">
     <span class='ocr_line' id='line_1_13' title="bbox 404 1655 2006 1740; baseline -0.001 -20"><span class='ocrx_word' id='word_1_89' title='bbox 404 1657 629 1720; x_wconf 87' lang='lat' dir='ltr'><strong>Falsus</strong></span> <span class='ocrx_word' id='word_1_90' title='bbox 656 1656 862 1720; x_wconf 91' lang='lat' dir='ltr'><strong>honor</strong></span> <span class='ocrx_word' id='word_1_91' title='bbox 884 1656 1068 1739; x_wconf 84' lang='lat' dir='ltr'><strong>juvat</strong></span> <span class='ocrx_word' id='word_1_92' title='bbox 1099 1663 1165 1719; x_wconf 89' lang='lat' dir='ltr'><strong>et</strong></span> <span class='ocrx_word' id='word_1_93' title='bbox 1194 1655 1468 1740; x_wconf 81' lang='lat' dir='ltr'><strong>mendax</strong></span> <span class='ocrx_word' id='word_1_94' title='bbox 1498 1656 1764 1719; x_wconf 86' lang='lat' dir='ltr'><strong>infamia</strong></span> <span class='ocrx_word' id='word_1_95' title='bbox 1807 1663 2006 1719; x_wconf 87' lang='lat' dir='ltr'><strong>terret</strong></span> 
     </span>
     <span class='ocr_line' id='line_1_14' title="bbox 268 1767 2264 1836; baseline -0.002 -3"><span class='ocrx_word' id='word_1_96' title='bbox 268 1772 355 1833; x_wconf 83' lang='lat'><strong>40</strong></span> <span class='ocrx_word' id='word_1_97' title='bbox 401 1770 615 1836; x_wconf 80' lang='lat' dir='ltr'><strong>Quem</strong></span> <span class='ocrx_word' id='word_1_98' title='bbox 646 1769 768 1832; x_wconf 88' lang='lat' dir='ltr'><strong>nisi</strong></span> <span class='ocrx_word' id='word_1_99' title='bbox 798 1769 1180 1832; x_wconf 89' lang='lat' dir='ltr'><strong>mendosum</strong></span> <span class='ocrx_word' id='word_1_100' title='bbox 1211 1777 1277 1831; x_wconf 94' lang='lat' dir='ltr'><strong>et</strong></span> <span class='ocrx_word' id='word_1_101' title='bbox 1309 1767 1811 1831; x_wconf 82' lang='lat' dir='ltr'><strong>medicandum?</strong></span> <span class='ocrx_word' id='word_1_102' title='bbox 1903 1767 2031 1830; x_wconf 80' lang='lat' dir='ltr'><strong>Vir·</strong></span> <span class='ocrx_word' id='word_1_103' title='bbox 2055 1767 2264 1830; x_wconf 90' lang='lat' dir='ltr'><strong>bonus</strong></span> 
     </span>
    </p>

    <p class='ocr_par' dir='ltr' id='par_1_12' title="bbox 790 1880 1108 1962">
     <span class='ocr_line' id='line_1_15' title="bbox 790 1880 1108 1962; baseline -0.006 -19"><span class='ocrx_word' id='word_1_104' title='bbox 790 1887 887 1943; x_wconf 89' lang='lat' dir='ltr'><strong>est</strong></span> <span class='ocrx_word' id='word_1_105' title='bbox 917 1880 1108 1962; x_wconf 80' lang='lat' dir='ltr'><strong>quis?</strong></span> 
     </span>
    </p>

    <p class='ocr_par' dir='ltr' id='par_1_13' title="bbox 404 1990 2070 2074">
     <span class='ocr_line' id='line_1_16' title="bbox 404 1990 2070 2074; baseline -0.002 -16"><span class='ocrx_word' id='word_1_106' title='bbox 404 1990 536 2058; x_wconf 79' lang='lat' dir='ltr'><strong>Qui</strong></span> <span class='ocrx_word' id='word_1_107' title='bbox 566 1992 857 2054; x_wconf 79' lang='lat' dir='ltr'><strong>consulta</strong></span> <span class='ocrx_word' id='word_1_108' title='bbox 886 1999 1165 2074; x_wconf 88' lang='lat' dir='ltr'><strong>patrum,</strong></span> <span class='ocrx_word' id='word_1_109' title='bbox 1200 1991 1310 2074; x_wconf 89' lang='lat' dir='ltr'><strong>qui</strong></span> <span class='ocrx_word' id='word_1_110' title='bbox 1341 1991 1514 2074; x_wconf 86' lang='lat' dir='ltr'><strong>leges</strong></span> <span class='ocrx_word' id='word_1_111' title='bbox 1538 1991 1812 2074; x_wconf 85' lang='lat' dir='ltr'><strong>juraque</strong></span> <span class='ocrx_word' id='word_1_112' title='bbox 1842 1999 2070 2069; x_wconf 85' lang='lat' dir='ltr'><strong>servat,</strong></span> 
     </span>
    </p>

    <p class='ocr_par' dir='ltr' id='par_1_14' title="bbox 403 2101 2667 2184">
     <span class='ocr_line' id='line_1_17' title="bbox 403 2101 2667 2184; baseline -0.003 -19"><span class='ocrx_word' id='word_1_113' title='bbox 403 2101 551 2165; x_wconf 80' lang='lat' dir='ltr'><strong>Quo</strong></span> <span class='ocrx_word' id='word_1_114' title='bbox 580 2102 803 2164; x_wconf 84' lang='lat' dir='ltr'><strong>multae</strong></span> <span class='ocrx_word' id='word_1_115' title='bbox 833 2123 1209 2184; x_wconf 78' lang='lat' dir='ltr'><strong>magnaeque</strong></span> <span class='ocrx_word' id='word_1_116' title='bbox 1240 2109 1538 2166; x_wconf 85' lang='lat' dir='ltr'><strong>secantur</strong></span> <span class='ocrx_word' id='word_1_117' title='bbox 1554 2102 1770 2184; x_wconf 86' lang='lat' dir='ltr'><strong>judice</strong></span> <span class='ocrx_word' id='word_1_118' title='bbox 1802 2103 1965 2179; x_wconf 88' lang='lat' dir='ltr'><strong>lites,</strong></span> <span class='ocrx_word' id='word_1_119' title='bbox 2292 2117 2667 2158; x_wconf 74' lang='lat' dir='ltr'><strong>eec.8.1.10.15.</strong></span> 
     </span>
    </p>

    <p class='ocr_par' dir='ltr' id='par_1_15' title="bbox 405 2211 2049 2295">
     <span class='ocr_line' id='line_1_18' title="bbox 405 2211 2049 2295; baseline 0 -20"><span class='ocrx_word' id='word_1_120' title='bbox 405 2211 555 2275; x_wconf 82' lang='lat' dir='ltr'><strong>Quo</strong></span> <span class='ocrx_word' id='word_1_121' title='bbox 583 2232 685 2274; x_wconf 89' lang='lat' dir='ltr'><strong>res</strong></span> <span class='ocrx_word' id='word_1_122' title='bbox 716 2232 1016 2294; x_wconf 87' lang='lat' dir='ltr'><strong>sponsore</strong></span> <span class='ocrx_word' id='word_1_123' title='bbox 1046 2219 1111 2274; x_wconf 87' lang='lat' dir='ltr'><strong>et</strong></span> <span class='ocrx_word' id='word_1_124' title='bbox 1142 2233 1267 2295; x_wconf 92' lang='lat' dir='ltr'><strong>quo</strong></span> <span class='ocrx_word' id='word_1_125' title='bbox 1298 2233 1502 2276; x_wconf 85' lang='lat' dir='ltr'><strong>causae</strong></span> <span class='ocrx_word' id='word_1_126' title='bbox 1533 2219 1698 2275; x_wconf 79' lang='lat' dir='ltr'><strong>teste</strong></span> <span class='ocrx_word' id='word_1_127' title='bbox 1727 2220 2049 2275; x_wconf 86' lang='lat' dir='ltr'><strong>tenentur.</strong></span> 
     </span>
    </p>

    <p class='ocr_par' dir='ltr' id='par_1_16' title="bbox 408 2322 1962 2386">
     <span class='ocr_line' id='line_1_19' title="bbox 408 2322 1962 2386; baseline 0.001 -2"><span class='ocrx_word' id='word_1_128' title='bbox 408 2322 534 2384; x_wconf 87' lang='lat' dir='ltr'><strong>Sed</strong></span> <span class='ocrx_word' id='word_1_129' title='bbox 564 2322 735 2385; x_wconf 86' lang='lat' dir='ltr'><strong>videt</strong></span> <span class='ocrx_word' id='word_1_130' title='bbox 764 2322 939 2386; x_wconf 90' lang='lat' dir='ltr'><strong>hunc</strong></span> <span class='ocrx_word' id='word_1_131' title='bbox 969 2323 1177 2386; x_wconf 90' lang='lat' dir='ltr'><strong>omnis</strong></span> <span class='ocrx_word' id='word_1_132' title='bbox 1207 2323 1435 2386; x_wconf 89' lang='lat' dir='ltr'><strong>domus</strong></span> <span class='ocrx_word' id='word_1_133' title='bbox 1468 2331 1533 2386; x_wconf 86' lang='lat' dir='ltr'><strong>et</strong></span> <span class='ocrx_word' id='word_1_134' title='bbox 1563 2323 1795 2386; x_wconf 87' lang='lat' dir='ltr'><strong>vicinia</strong></span> <span class='ocrx_word' id='word_1_135' title='bbox 1824 2330 1962 2385; x_wconf 88' lang='lat' dir='ltr'><strong>tota</strong></span> 
     </span>
    </p>
   </div>
   <div class='ocr_carea' id='block_1_3' title="bbox 272 2431 2654 2849">
    <p class='ocr_par' dir='ltr' id='par_1_17' title="bbox 272 2431 2654 2849">
     <span class='ocr_line' id='line_1_20' title="bbox 272 2431 2643 2517; baseline 0.002 -24"><span class='ocrx_word' id='word_1_136' title='bbox 272 2434 357 2493; x_wconf 85' lang='lat'><strong>45</strong></span> <span class='ocrx_word' id='word_1_137' title='bbox 406 2431 768 2495; x_wconf 88' lang='lat' dir='ltr'><strong>Introrsum</strong></span> <span class='ocrx_word' id='word_1_138' title='bbox 802 2441 1077 2516; x_wconf 85' lang='lat' dir='ltr'><strong>turpem,</strong></span> <span class='ocrx_word' id='word_1_139' title='bbox 1111 2434 1464 2517; x_wconf 90' lang='lat' dir='ltr'><strong>speciosum</strong></span> <span class='ocrx_word' id='word_1_140' title='bbox 1496 2434 1661 2517; x_wconf 88' lang='lat' dir='ltr'><strong>pelle</strong></span> <span class='ocrx_word' id='word_1_141' title='bbox 1692 2435 1935 2497; x_wconf 86' lang='lat' dir='ltr'><strong>decora.</strong></span> <span class='ocrx_word' id='word_1_142' title='bbox 2289 2446 2382 2497; x_wconf 71' lang='lat' dir='ltr'><em>pel·</em></span> <span class='ocrx_word' id='word_1_143' title='bbox 2404 2445 2502 2486; x_wconf 77' lang='lat'><strong>8-2·</strong></span> <span class='ocrx_word' id='word_1_144' title='bbox 2522 2445 2643 2485; x_wconf 49' lang='lat'><strong>1-64</strong></span> 
     </span>
     <span class='ocr_line' id='line_1_21' title="bbox 403 2542 1787 2627; baseline 0.002 -23"><span class='ocrx_word' id='word_1_145' title='bbox 403 2542 544 2605; x_wconf 91' lang='lat' dir='ltr'><strong>Nec</strong></span> <span class='ocrx_word' id='word_1_146' title='bbox 573 2542 817 2606; x_wconf 82' lang='lat' dir='ltr'><strong>furtum</strong></span> <span class='ocrx_word' id='word_1_147' title='bbox 848 2543 970 2606; x_wconf 89' lang='lat' dir='ltr'><strong>feci</strong></span> <span class='ocrx_word' id='word_1_148' title='bbox 1001 2565 1118 2607; x_wconf 88' lang='lat' dir='ltr'><strong>nec</strong></span> <span class='ocrx_word' id='word_1_149' title='bbox 1150 2545 1306 2627; x_wconf 79' lang='lat' dir='ltr'><strong>fugi,</strong></span> <span class='ocrx_word' id='word_1_150' title='bbox 1339 2545 1394 2607; x_wconf 91' lang='lat' dir='ltr'><strong>si</strong></span> <span class='ocrx_word' id='word_1_151' title='bbox 1424 2545 1584 2607; x_wconf 88' lang='lat' dir='ltr'><strong>mihi</strong></span> <span class='ocrx_word' id='word_1_152' title='bbox 1615 2545 1787 2608; x_wconf 88' lang='lat' dir='ltr'><strong>dicat</strong></span> 
     </span>
     <span class='ocr_line' id='line_1_22' title="bbox 401 2644 2611 2737; baseline -0.001 -22"><span class='ocrx_word' id='word_1_153' title='bbox 401 2653 654 2730; x_wconf 83' lang='lat' dir='ltr'><strong>Servus,</strong></span> <span class='ocrx_word' id='word_1_154' title='bbox 690 2655 911 2717; x_wconf 86' lang='lat' dir='ltr'><strong>Habes</strong></span> <span class='ocrx_word' id='word_1_155' title='bbox 944 2655 1246 2737; x_wconf 87' lang='lat' dir='ltr'><strong>pretium,</strong></span> <span class='ocrx_word' id='word_1_156' title='bbox 1280 2644 1435 2718; x_wconf 85' lang='lat' dir='ltr'><strong>loris</strong></span> <span class='ocrx_word' id='word_1_157' title='bbox 1465 2677 1597 2720; x_wconf 89' lang='lat' dir='ltr'><strong>non</strong></span> <span class='ocrx_word' id='word_1_158' title='bbox 1627 2655 1850 2731; x_wconf 88' lang='lat' dir='ltr'><strong>ureris,</strong></span> <span class='ocrx_word' id='word_1_159' title='bbox 1885 2656 2005 2718; x_wconf 77' lang='lat' dir='ltr'><strong>aio,</strong></span> <span class='ocrx_word' id='word_1_160' title='bbox 2298 2685 2390 2715; x_wconf 70' lang='lat' dir='ltr'><strong>ure.</strong></span> <span class='ocrx_word' id='word_1_161' title='bbox 2413 2674 2492 2724; x_wconf 77' lang='lat' dir='ltr'><strong>Ep.</strong></span> <span class='ocrx_word' id='word_1_162' title='bbox 2514 2672 2550 2712; x_wconf 71' lang='lat'><strong>4.</strong></span> <span class='ocrx_word' id='word_1_163' title='bbox 2571 2675 2611 2713; x_wconf 78' lang='lat'><strong>³.</strong></span> 
     </span>
     <span class='ocr_line' id='line_1_23' title="bbox 405 2761 2654 2849; baseline 0.001 -24"><span class='ocrx_word' id='word_1_164' title='bbox 405 2761 562 2826; x_wconf 87' lang='lat' dir='ltr'><strong>Non</strong></span> <span class='ocrx_word' id='word_1_165' title='bbox 593 2763 918 2827; x_wconf 90' lang='lat' dir='ltr'><strong>hominem</strong></span> <span class='ocrx_word' id='word_1_166' title='bbox 950 2765 1174 2828; x_wconf 88' lang='lat' dir='ltr'><strong>occidi.</strong></span> <span class='ocrx_word' id='word_1_167' title='bbox 1265 2765 1421 2828; x_wconf 91' lang='lat' dir='ltr'><strong>Non</strong></span> <span class='ocrx_word' id='word_1_168' title='bbox 1449 2787 1668 2849; x_wconf 85' lang='lat' dir='ltr'><strong>pasces</strong></span> <span class='ocrx_word' id='word_1_169' title='bbox 1697 2767 1766 2829; x_wconf 91' lang='lat' dir='ltr'><strong>in</strong></span> <span class='ocrx_word' id='word_1_170' title='bbox 1798 2787 1983 2829; x_wconf 88' lang='lat' dir='ltr'><strong>cruce</strong></span> <span class='ocrx_word' id='word_1_171' title='bbox 2030 2786 2267 2827; x_wconf 65' lang='lat' dir='ltr'><strong>corvos</strong></span> <span class='ocrx_word' id='word_1_172' title='bbox 2299 2802 2389 2831; x_wconf 72' lang='lat' dir='ltr'><strong>m.</strong></span> <span class='ocrx_word' id='word_1_173' title='bbox 2411 2790 2451 2829; x_wconf 90' lang='lat' dir='ltr'><strong>s.</strong></span> <span class='ocrx_word' id='word_1_174' title='bbox 2475 2790 2568 2829; x_wconf 79' lang='grc' dir='ltr'><strong>ι.3.</strong></span> <span class='ocrx_word' id='word_1_175' title='bbox 2589 2789 2654 2828; x_wconf 78' lang='lat'><strong>82.</strong></span> 
     </span>
    </p>
   </div>
   <div class='ocr_carea' id='block_1_4' title="bbox 409 2862 2672 2959">
    <p class='ocr_par' dir='ltr' id='par_1_18' title="bbox 409 2862 2672 2959">
     <span class='ocr_line' id='line_1_24' title="bbox 409 2862 2672 2959; baseline 0.003 -21"><span class='ocrx_word' id='word_1_176' title='bbox 409 2877 568 2938; x_wconf 91' lang='lat' dir='ltr'><strong>Sum</strong></span> <span class='ocrx_word' id='word_1_177' title='bbox 600 2875 807 2939; x_wconf 90' lang='lat' dir='ltr'><strong>bonus</strong></span> <span class='ocrx_word' id='word_1_178' title='bbox 836 2884 903 2939; x_wconf 90' lang='lat' dir='ltr'><strong>et</strong></span> <span class='ocrx_word' id='word_1_179' title='bbox 932 2876 1123 2958; x_wconf 84' lang='lat' dir='ltr'><strong>frugi.</strong></span> <span class='ocrx_word' id='word_1_180' title='bbox 1217 2877 1462 2939; x_wconf 83' lang='lat' dir='ltr'><strong>Renuit</strong></span> <span class='ocrx_word' id='word_1_181' title='bbox 1491 2877 1865 2959; x_wconf 86' lang='lat' dir='ltr'><strong>negitatque</strong></span> <span class='ocrx_word' id='word_1_182' title='bbox 1893 2877 2185 2940; x_wconf 84' lang='lat' dir='ltr'><strong>Sabellus</strong></span> <span class='ocrx_word' id='word_1_183' title='bbox 2212 2902 2225 2940; x_wconf 94' lang='lat'>:</span> <span class='ocrx_word' id='word_1_184' title='bbox 2288 2862 2672 2956; x_wconf 33' lang='lat' dir='ltr'><strong>gase-23⁷3&amp;</strong></span> 
     </span>
    </p>
   </div>
   <div class='ocr_carea' id='block_1_5' title="bbox 279 2987 2661 4174">
    <p class='ocr_par' dir='ltr' id='par_1_19' title="bbox 282 2987 2100 3292">
     <span class='ocr_line' id='line_1_25' title="bbox 282 2987 2100 3073; baseline 0.002 -26"><span class='ocrx_word' id='word_1_185' title='bbox 282 2988 369 3048; x_wconf 89' lang='lat'><strong>50</strong></span> <span class='ocrx_word' id='word_1_186' title='bbox 415 2988 658 3049; x_wconf 91' lang='lat' dir='ltr'><strong>Cautus</strong></span> <span class='ocrx_word' id='word_1_187' title='bbox 688 2987 859 3050; x_wconf 88' lang='lat' dir='ltr'><strong>enim</strong></span> <span class='ocrx_word' id='word_1_188' title='bbox 889 2988 1125 3050; x_wconf 89' lang='lat' dir='ltr'><strong>metuit</strong></span> <span class='ocrx_word' id='word_1_189' title='bbox 1152 2988 1401 3051; x_wconf 84' lang='lat' dir='ltr'><strong>foveam</strong></span> <span class='ocrx_word' id='word_1_190' title='bbox 1431 2989 1644 3073; x_wconf 89' lang='lat' dir='ltr'><strong>lupus,</strong></span> <span class='ocrx_word' id='word_1_191' title='bbox 1678 2989 2100 3071; x_wconf 84' lang='lat' dir='ltr'><strong>accipiterque</strong></span> 
     </span>
     <span class='ocr_line' id='line_1_26' title="bbox 409 3098 2066 3182; baseline 0.002 -23"><span class='ocrx_word' id='word_1_192' title='bbox 409 3098 752 3180; x_wconf 89' lang='lat' dir='ltr'><strong>Suspectos</strong></span> <span class='ocrx_word' id='word_1_193' title='bbox 781 3098 1058 3182; x_wconf 88' lang='lat' dir='ltr'><strong>laqueos,</strong></span> <span class='ocrx_word' id='word_1_194' title='bbox 1094 3107 1159 3162; x_wconf 90' lang='lat' dir='ltr'><strong>et</strong></span> <span class='ocrx_word' id='word_1_195' title='bbox 1189 3107 1480 3182; x_wconf 75' lang='lat' dir='ltr'><strong>opertum</strong></span> <span class='ocrx_word' id='word_1_196' title='bbox 1519 3099 1752 3162; x_wconf 89' lang='lat' dir='ltr'><strong>miluus</strong></span> <span class='ocrx_word' id='word_1_197' title='bbox 1783 3099 2066 3162; x_wconf 88' lang='lat' dir='ltr'><strong>hamum.</strong></span> 
     </span>
     <span class='ocr_line' id='line_1_27' title="bbox 408 3207 1745 3292; baseline 0.001 -23"><span class='ocrx_word' id='word_1_198' title='bbox 408 3207 702 3272; x_wconf 89' lang='lat' dir='ltr'><strong>Oderunt</strong></span> <span class='ocrx_word' id='word_1_199' title='bbox 731 3230 991 3292; x_wconf 87' lang='lat' dir='ltr'><strong>peccare</strong></span> <span class='ocrx_word' id='word_1_200' title='bbox 1022 3209 1175 3273; x_wconf 92' lang='lat' dir='ltr'><strong>boni</strong></span> <span class='ocrx_word' id='word_1_201' title='bbox 1204 3211 1459 3273; x_wconf 87' lang='lat' dir='ltr'><strong>virtutis</strong></span> <span class='ocrx_word' id='word_1_202' title='bbox 1492 3231 1706 3273; x_wconf 90' lang='lat' dir='ltr'><strong>amore</strong></span> <span class='ocrx_word' id='word_1_203' title='bbox 1728 3235 1745 3285; x_wconf 88' lang='lat'>;</span> 
     </span>
    </p>

    <p class='ocr_par' dir='ltr' id='par_1_20' title="bbox 406 3319 1884 3513">
     <span class='ocr_line' id='line_1_28' title="bbox 406 3319 1866 3403; baseline 0.001 -22"><span class='ocrx_word' id='word_1_204' title='bbox 406 3319 505 3381; x_wconf 85' lang='lat' dir='ltr'><strong>Tu</strong></span> <span class='ocrx_word' id='word_1_205' title='bbox 534 3319 698 3382; x_wconf 90' lang='lat' dir='ltr'><strong>nihil</strong></span> <span class='ocrx_word' id='word_1_206' title='bbox 729 3321 1029 3383; x_wconf 83' lang='lat' dir='ltr'><strong>admittes</strong></span> <span class='ocrx_word' id='word_1_207' title='bbox 1058 3321 1126 3382; x_wconf 91' lang='lat' dir='ltr'><strong>in</strong></span> <span class='ocrx_word' id='word_1_208' title='bbox 1156 3328 1221 3383; x_wconf 89' lang='lat' dir='ltr'><strong>te</strong></span> <span class='ocrx_word' id='word_1_209' title='bbox 1251 3320 1593 3384; x_wconf 84' lang='lat' dir='ltr'><strong>formidine</strong></span> <span class='ocrx_word' id='word_1_210' title='bbox 1622 3340 1827 3403; x_wconf 85' lang='lat' dir='ltr'><strong>poenae</strong></span> <span class='ocrx_word' id='word_1_211' title='bbox 1853 3346 1866 3383; x_wconf 91' lang='lat'>:</span> 
     </span>
     <span class='ocr_line' id='line_1_29' title="bbox 411 3428 1884 3513; baseline 0 -22"><span class='ocrx_word' id='word_1_212' title='bbox 411 3428 510 3491; x_wconf 88' lang='lat' dir='ltr'><strong>Sit</strong></span> <span class='ocrx_word' id='word_1_213' title='bbox 540 3450 681 3511; x_wconf 92' lang='lat' dir='ltr'><strong>spes</strong></span> <span class='ocrx_word' id='word_1_214' title='bbox 708 3430 990 3507; x_wconf 86' lang='lat' dir='ltr'><strong>fallendi,</strong></span> <span class='ocrx_word' id='word_1_215' title='bbox 1023 3430 1323 3494; x_wconf 83' lang='lat' dir='ltr'><strong>miscebis</strong></span> <span class='ocrx_word' id='word_1_216' title='bbox 1354 3451 1533 3493; x_wconf 88' lang='lat' dir='ltr'><strong>sacra</strong></span> <span class='ocrx_word' id='word_1_217' title='bbox 1561 3430 1841 3513; x_wconf 85' lang='lat' dir='ltr'><strong>profanis</strong></span> <span class='ocrx_word' id='word_1_218' title='bbox 1865 3455 1884 3507; x_wconf 84' lang='lat'>3</span> 
     </span>
    </p>

    <p class='ocr_par' dir='ltr' id='par_1_21' title="bbox 279 3539 2274 3846">
     <span class='ocr_line' id='line_1_30' title="bbox 279 3539 2080 3624; baseline 0.002 -24"><span class='ocrx_word' id='word_1_219' title='bbox 279 3542 362 3600; x_wconf 87' lang='lat'><strong>55</strong></span> <span class='ocrx_word' id='word_1_220' title='bbox 409 3539 583 3601; x_wconf 89' lang='lat' dir='ltr'><strong>Nam</strong></span> <span class='ocrx_word' id='word_1_221' title='bbox 615 3540 693 3603; x_wconf 90' lang='lat' dir='ltr'><strong>de</strong></span> <span class='ocrx_word' id='word_1_222' title='bbox 723 3542 897 3603; x_wconf 90' lang='lat' dir='ltr'><strong>mille</strong></span> <span class='ocrx_word' id='word_1_223' title='bbox 928 3541 1092 3604; x_wconf 83' lang='lat' dir='ltr'><strong>fabae</strong></span> <span class='ocrx_word' id='word_1_224' title='bbox 1123 3541 1352 3604; x_wconf 88' lang='lat' dir='ltr'><strong>modiis</strong></span> <span class='ocrx_word' id='word_1_225' title='bbox 1382 3562 1530 3604; x_wconf 90' lang='lat' dir='ltr'><strong>cum</strong></span> <span class='ocrx_word' id='word_1_226' title='bbox 1562 3541 1826 3624; x_wconf 87' lang='lat' dir='ltr'><strong>surripis</strong></span> <span class='ocrx_word' id='word_1_227' title='bbox 1857 3563 2080 3619; x_wconf 88' lang='lat' dir='ltr'><strong>unum,</strong></span> 
     </span>
     <span class='ocr_line' id='line_1_31' title="bbox 410 3649 2184 3735; baseline 0.002 -24"><span class='ocrx_word' id='word_1_228' title='bbox 410 3649 738 3712; x_wconf 90' lang='lat' dir='ltr'><strong>Damnum</strong></span> <span class='ocrx_word' id='word_1_229' title='bbox 770 3659 888 3728; x_wconf 89' lang='lat' dir='ltr'><strong>est,</strong></span> <span class='ocrx_word' id='word_1_230' title='bbox 922 3672 1052 3713; x_wconf 89' lang='lat' dir='ltr'><strong>non</strong></span> <span class='ocrx_word' id='word_1_231' title='bbox 1082 3651 1348 3729; x_wconf 77' lang='lat' dir='ltr'><strong>facinuS,</strong></span> <span class='ocrx_word' id='word_1_232' title='bbox 1383 3651 1545 3714; x_wconf 85' lang='lat' dir='ltr'><strong>mihi</strong></span> <span class='ocrx_word' id='word_1_233' title='bbox 1574 3659 1761 3735; x_wconf 86' lang='lat' dir='ltr'><strong>pacto</strong></span> <span class='ocrx_word' id='word_1_234' title='bbox 1789 3651 1995 3715; x_wconf 89' lang='lat' dir='ltr'><strong>lenius</strong></span> <span class='ocrx_word' id='word_1_235' title='bbox 2041 3653 2184 3715; x_wconf 87' lang='lat' dir='ltr'><strong>isto.</strong></span> 
     </span>
     <span class='ocr_line' id='line_1_32' title="bbox 409 3759 2274 3846; baseline 0.001 -25"><span class='ocrx_word' id='word_1_236' title='bbox 409 3760 531 3821; x_wconf 86' lang='lat' dir='ltr'><strong>Vir</strong></span> <span class='ocrx_word' id='word_1_237' title='bbox 560 3759 786 3837; x_wconf 91' lang='lat' dir='ltr'><strong>bonus,</strong></span> <span class='ocrx_word' id='word_1_238' title='bbox 820 3782 1010 3841; x_wconf 77' lang='lat' dir='ltr'><strong>omne</strong></span> <span class='ocrx_word' id='word_1_239' title='bbox 1040 3761 1252 3825; x_wconf 86' lang='lat' dir='ltr'><strong>forum</strong></span> <span class='ocrx_word' id='word_1_240' title='bbox 1285 3784 1476 3844; x_wconf 89' lang='lat' dir='ltr'><strong>quem</strong></span> <span class='ocrx_word' id='word_1_241' title='bbox 1508 3770 1755 3846; x_wconf 88' lang='lat' dir='ltr'><strong>spectat</strong></span> <span class='ocrx_word' id='word_1_242' title='bbox 1807 3771 1872 3825; x_wconf 89' lang='lat' dir='ltr'><strong>et</strong></span> <span class='ocrx_word' id='word_1_243' title='bbox 1924 3784 2113 3827; x_wconf 89' lang='lat' dir='ltr'><strong>omne</strong></span> <span class='ocrx_word' id='word_1_244' title='bbox 2162 3762 2274 3824; x_wconf 83' lang='lat' dir='ltr'><strong>tri-</strong></span> 
     </span>
    </p>

    <p class='ocr_par' dir='ltr' id='par_1_22' title="bbox 414 3871 2661 4174">
     <span class='ocr_line' id='line_1_33' title="bbox 803 3871 1018 3947; baseline -0.005 -13"><span class='ocrx_word' id='word_1_245' title='bbox 803 3871 1018 3947; x_wconf 88' lang='lat' dir='ltr'><strong>bunal,</strong></span> 
     </span>
     <span class='ocr_line' id='line_1_34' title="bbox 415 3980 2080 4066; baseline 0 -21"><span class='ocrx_word' id='word_1_246' title='bbox 415 3980 970 4065; x_wconf 79' lang='lat' dir='ltr'><strong>Quandocumque</strong></span> <span class='ocrx_word' id='word_1_247' title='bbox 1000 3983 1151 4047; x_wconf 91' lang='lat' dir='ltr'><strong>deos</strong></span> <span class='ocrx_word' id='word_1_248' title='bbox 1180 3982 1280 4046; x_wconf 82' lang='lat' dir='ltr'><strong>vel</strong></span> <span class='ocrx_word' id='word_1_249' title='bbox 1309 4004 1502 4066; x_wconf 88' lang='lat' dir='ltr'><strong>porco</strong></span> <span class='ocrx_word' id='word_1_250' title='bbox 1532 3983 1629 4045; x_wconf 88' lang='lat' dir='ltr'><strong>vel</strong></span> <span class='ocrx_word' id='word_1_251' title='bbox 1660 3982 1820 4046; x_wconf 89' lang='lat' dir='ltr'><strong>bove</strong></span> <span class='ocrx_word' id='word_1_252' title='bbox 1849 3983 2080 4066; x_wconf 87' lang='lat' dir='ltr'><strong>placat,</strong></span> 
     </span>
     <span class='ocr_line' id='line_1_35' title="bbox 414 4089 2661 4174; baseline 0.003 -23"><span class='ocrx_word' id='word_1_253' title='bbox 414 4089 456 4151; x_wconf 87' lang='lat' dir='ltr'><strong>J</strong></span> <span class='ocrx_word' id='word_1_254' title='bbox 460 4110 579 4153; x_wconf 87' lang='lat' dir='ltr'><strong>ane</strong></span> <span class='ocrx_word' id='word_1_255' title='bbox 609 4098 812 4172; x_wconf 87' lang='lat' dir='ltr'><strong>pater,</strong></span> <span class='ocrx_word' id='word_1_256' title='bbox 846 4092 1035 4170; x_wconf 88' lang='lat' dir='ltr'><strong>clare,</strong></span> <span class='ocrx_word' id='word_1_257' title='bbox 1068 4093 1233 4157; x_wconf 87' lang='lat' dir='ltr'><strong>clare</strong></span> <span class='ocrx_word' id='word_1_258' title='bbox 1265 4113 1413 4156; x_wconf 91' lang='lat' dir='ltr'><strong>cum</strong></span> <span class='ocrx_word' id='word_1_259' title='bbox 1444 4091 1628 4167; x_wconf 83' lang='lat' dir='ltr'><strong>dixit,</strong></span> <span class='ocrx_word' id='word_1_260' title='bbox 1662 4092 1914 4174; x_wconf 88' lang='lat' dir='ltr'><strong>Apollo,</strong></span> <span class='ocrx_word' id='word_1_261' title='bbox 2298 4118 2399 4166; x_wconf 75' lang='lat' dir='ltr'><strong>pat.</strong></span> <span class='ocrx_word' id='word_1_262' title='bbox 2422 4116 2463 4157; x_wconf 80' lang='lat' dir='ltr'><strong>s,</strong></span> <span class='ocrx_word' id='word_1_263' title='bbox 2483 4117 2520 4158; x_wconf 85' lang='lat'><strong>2.</strong></span> <span class='ocrx_word' id='word_1_264' title='bbox 2539 4116 2661 4158; x_wconf 68' lang='lat' dir='ltr'><strong>mo.</strong></span> 
     </span>
    </p>
   </div>
   <div class='ocr_carea' id='block_1_6' title="bbox 434 4263 2296 4402">
    <p class='ocr_par' dir='ltr' id='par_1_23' title="bbox 434 4263 2296 4402">
     <span class='ocr_line' id='line_1_36' title="bbox 434 4263 2124 4324; baseline 0.002 -15"><span class='ocrx_word' id='word_1_265' title='bbox 434 4263 515 4311; x_wconf 80' lang='lat'><strong>35.</strong></span> <span class='ocrx_word' id='word_1_266' title='bbox 553 4263 577 4313; x_wconf 67' lang='grc' dir='ltr'><em>ἲ</em></span> <span class='ocrx_word' id='word_1_267' title='bbox 601 4268 859 4324; x_wconf 75' lang='lat' dir='ltr'><strong>mcumst5</strong></span> <span class='ocrx_word' id='word_1_268' title='bbox 885 4268 965 4313; x_wconf 88' lang='lat' dir='ltr'><strong>cst</strong></span> <span class='ocrx_word' id='word_1_269' title='bbox 988 4283 1078 4315; x_wconf 84' lang='lat' dir='ltr'><strong>om.</strong></span> <span class='ocrx_word' id='word_1_270' title='bbox 1104 4267 1172 4315; x_wconf 80' lang='lat' dir='ltr'><strong>al.</strong></span> <span class='ocrx_word' id='word_1_271' title='bbox 1309 4265 1387 4313; x_wconf 81' lang='lat'><strong>56.</strong></span> <span class='ocrx_word' id='word_1_272' title='bbox 1428 4265 1449 4312; x_wconf 78' lang='lat' dir='ltr'>P</span> <span class='ocrx_word' id='word_1_273' title='bbox 1474 4265 1803 4323; x_wconf 84' lang='lat' dir='ltr'><strong>damnumst;</strong></span> <span class='ocrx_word' id='word_1_274' title='bbox 1830 4270 1913 4314; x_wconf 87' lang='lat' dir='ltr'><strong>cst</strong></span> <span class='ocrx_word' id='word_1_275' title='bbox 1938 4281 2031 4314; x_wconf 84' lang='lat' dir='ltr'><strong>om.</strong></span> <span class='ocrx_word' id='word_1_276' title='bbox 2057 4265 2124 4312; x_wconf 80' lang='lat' dir='ltr'><strong>al.</strong></span> 
     </span>
     <span class='ocr_line' id='line_1_37' title="bbox 2251 4354 2296 4402; baseline 0 0"><span class='ocrx_word' id='word_1_277' title='bbox 2251 4354 2296 4402; x_wconf 88' lang='lat' dir='ltr'>R</span> 
     </span>
    </p>
   </div>
  </div>
 </body>
</html>
