3025 4776
1050 327 1492 387 CARMINUM
1563 328 1717 387 LIB.
1761 328 1872 386 IV.
1916 327 2034 386 viii.
2345 323 2354 331 ’
2674 329 2744 388 97

499 496 725 560 Mutat
752 499 926 558 terra
952 493 1142 572 vices,
1173 498 1241 558 et
1269 491 1700 557 decrescentia
1726 491 1897 576 ripas

589 607 891 674 Flumina
917 613 1347 692 praetereunt:

371 722 412 785 5
503 720 732 786 Gratia
760 739 910 783 cum
937 716 1263 803 Nymphis
1293 715 1690 800 geminisque
1718 713 2038 779 sororibus
2066 711 2258 781 audet
2349 744 2387 789 ς.
2409 734 2684 778 c.s.1o.1⁷.

591 829 848 893 Ducere
875 826 1052 891 nuda
1079 826 1326 890 choros.
1727 816 1730 821 ’

500 936 907 1003 Immortalia
933 946 1017 1001 ne
1046 955 1276 1020 speres,
1307 940 1528 999 monet
1555 935 1786 1003 Annus
1814 939 1881 997 et
1909 932 2150 998 almum

589 1047 756 1115 Quae
783 1045 952 1130 rapit
982 1046 1167 1110 Hora
1195 1045 1388 1109 diem.

501 1157 770 1241 Frigora
796 1156 1147 1220 mitescunt
1177 1153 1504 1239 Zephyris,
1536 1154 1671 1218 Ver
1698 1154 1968 1238 proterit
1998 1155 2219 1220 AEstas
2343 1190 2447 1234 pro.
2467 1180 2516 1225 c.
2535 1182 2574 1223 s.
2593 1181 2633 1224 ⁶.
2650 1180 2716 1224 ³4.

334 1270 419 1332 10
590 1265 966 1345 Interitura,
996 1263 1191 1328 simul

502 1376 787 1443 Pomifer
814 1376 1190 1441 Autumnus
1217 1373 1435 1458 fruges
1464 1372 1797 1453 effuderin
1843 1381 1910 1438 et
1940 1394 2088 1439 mox

585 1488 833 1552 Bruma
861 1486 1133 1551 recurrit
1161 1485 1352 1549 iners.

503 1598 761 1663 Damna
787 1602 1006 1661 tamen
1037 1595 1270 1660 celeres
1298 1600 1600 1679 reparant
1629 1594 1909 1660 caelestia
1934 1595 2150 1660 lunae:

590 1708 754 1787 Nos,
784 1705 901 1771 ubi
930 1705 1303 1784 decidimus,

332 1822 414 1884 15
507 1819 658 1887 Quo
687 1824 872 1903 pater
899 1817 1164 1896 AEneas,
1197 1837 1325 1901 quo
1355 1816 1528 1881 dives
1555 1817 1780 1883 'Pullus
1808 1823 1875 1882 et
1901 1818 2151 1897 Ancus,
2356 1855 2418 1900 13,
2433 1847 2485 1890 n.
2505 1848 2542 1890 ι,
2561 1849 2600 1890 0,
2619 1848 2682 1891 ῃ,

590 1928 811 1994 Pulvis
839 1934 907 1993 et
933 1927 1166 1992 umbra
1192 1948 1434 1992 sumus.

507 2039 673 2108 Quis
701 2038 844 2117 scit,
875 2059 959 2102 an
987 2037 1270 2102 adiciant
1296 2037 1623 2102 hodiernae
1652 2036 1927 2102 crastina
1952 2057 2222 2105 summae
2292 2016 2298 2022 ⁵
2357 2062 2689 2114 17.e.1.o.13.

590 2150 903 2233 Tempora
929 2147 997 2211 di
1025 2147 1237 2231 superi
1255 2148 1286 2210 ἲ

507 2262 758 2326 Cuncta
784 2279 1014 2322 manus
1043 2256 1257 2322 avidas
1286 2256 1536 2341 fugient
1562 2257 1831 2338 heredis,
1863 2259 2071 2324 amico
2355 2274 2447 2320 ner.
2467 2275 2515 2318 c.
2535 2275 2573 2316 ε.
2593 2277 2631 2316 s.
2650 2276 2715 2317 so.

334 2374 423 2437 20
596 2369 760 2438 Quae
791 2367 1037 2433 dederis
1067 2364 1301 2433 animo.
2476 2375 2506 2419 s
2538 2327 2584 2419 {-
2597 2326 2752 2421 ἕωὲῗῑ

508 2483 677 2549 Cum
707 2481 903 2545 semel
932 2479 1257 2559 occideriS,
1290 2487 1357 2543 et
1388 2479 1468 2543 de
1495 2485 1564 2544 te
1593 2480 1923 2565 splendida
1951 2480 2173 2547 Minos
2350 2462 2467 2567 iun.
2497 2523 2753 2567 e.1.as.o.

590 2592 842 2656 Fecerit
870 2589 1168 2655 arbitria:

505 2704 686 2781 Non,
716 2701 1057 2794 Torquate,
1091 2719 1316 2784 genus,
1347 2720 1479 2765 non
1509 2707 1576 2764 te
1603 2700 1922 2781 facundia,
1951 2721 2086 2766 non
2112 2709 2178 2766 te
2355 2736 2631 2790 *0214
2650 2738 2690 2780 2,

595 2810 925 2876 Restituet
951 2808 1172 2894 pietas.

334 2928 419 2989 25
508 2921 789 2987 Infernis
816 2941 1025 3005 neque
1056 2919 1229 2984 enim
1257 2920 1540 2986 tenebris
1567 2922 1780 2986 Diana
1804 2923 2113 3006 pudicum

594 3032 862 3100 Liberat
891 3031 1365 3116 Hippolytum.

509 3144 655 3211 Nec
683 3142 950 3209 Lethaea
975 3143 1145 3207 valet
1173 3142 1457 3208 Theseus
1487 3141 1867 3227 abrumpere
1894 3164 2042 3209 caro

591 3254 872 3320 Vincula
899 3252 1210 3319 Pirithoo.

1227 3664 1431 3730 VIII.

595 3810 941 3874 Donamus
972 3818 1223 3895 pateras
1252 3817 1559 3895 grataque
1589 3812 1981 3894 commodus,
2356 3841 2752 3886 002...ss.2.1.227.

599 3919 973 3999 Censorine,
1002 3921 1162 3985 meis
1193 3942 1322 3986 aera
1348 3920 1713 4001 sodalibus3

597 4032 922 4096 Donarem
953 4032 1260 4117 tripodas,
1290 4031 1555 4117 praemia
1581 4033 1841 4098 fortium

598 4141 941 4207 Graiorum
962 4169 984 4222 3
1030 4164 1239 4227 neque
1267 4151 1344 4207 tu
1372 4142 1648 4227 pessima
1677 4166 2019 4210 munerum
2102 4198 2106 4204 ,

540 4301 618 4350 13.
652 4301 852 4364 celeris,
878 4303 937 4352 Β.
956 4303 1101 4351 male.
1236 4302 1316 4353 15.
1350 4304 1485 4365 pius.
1624 4301 1703 4355 17.
1738 4305 2024 4368 adjiciantg
2059 4306 2197 4356 vitae.
