3025 4776
2597 273 2705 328 163

415 1347 515 1463 Q.
618 1348 1146 1455 HORA'PI
1248 1348 1755 1454 FLAOOI
1862 1350 2508 1455 SATIRAE.

960 1711 1306 1801 LIBER
1422 1719 2033 1805 SECUNDUS.

1431 1912 1490 1976 Ῑ.

428 2033 611 2095 Sum*
643 2032 872 2115 quibus
900 2032 972 2095 in
1002 2033 1198 2096 satira
1223 2031 1443 2095 videor
1470 2030 1664 2093 nimis
1694 2051 1837 2094 acer
1866 2039 1932 2094 et
1960 2032 2130 2093 ultra

424 2144 665 2224 Legem
695 2143 956 2205 tendere
986 2163 1183 2225 opus,
1230 2142 1369 2204 sine
1397 2141 1608 2204 nervis
1640 2140 1838 2204 altera
1867 2141 2176 2223 quidquid

425 2252 769 2335 Composui
797 2273 943 2334 pars
971 2273 1108 2315 esse
1135 2258 1322 2334 putat
1351 2251 1712 2333 similesque
1741 2273 2030 2315 meorum

425 2361 612 2425 Mille
642 2361 747 2425 ffie
776 2382 992 2425 versus
1022 2360 1251 2424 deduci
1280 2382 1482 2445 posse.
1573 2360 1853 2440 Trebati,

339 2475 377 2533 5
425 2471 600 2537 Quid
629 2471 859 2535 faciam
876 2471 1232 2555 praescribe.
1282 2471 1609 2537 Quieseas.
1655 2472 1762 2535 Ne
1779 2472 2030 2550 faciam,
2051 2472 2285 2557 inquiS,

424 2583 705 2647 Omnino
734 2582 1003 2646 versus?
1091 2581 1238 2645 Aio.
1329 2583 1599 2645 Peream
1626 2581 1811 2658 male,
1845 2581 1900 2644 si
1928 2604 2061 2645 non
2307 2616 2408 2657 per.
2430 2605 2472 2645 s.
2492 2604 2530 2645 1.
2549 2606 2586 2644 9.
2607 2605 2670 2644 as.

428 2691 764 2773 Optimum
793 2695 929 2752 erat
950 2714 972 2766 3
1017 2708 1240 2752 verum
1271 2708 1519 2771 nequeo
1548 2688 1844 2752 dormire.
1934 2689 2059 2753 Ter
2087 2691 2269 2753 uncti

424 2799 825 2862 Transnanto
854 2797 1160 2875 Tiberim,
1193 2818 1416 2860 somno
1447 2797 1678 2879 quibus
1707 2806 1804 2861 est
1834 2820 1991 2882 opus
2022 2800 2173 2877 alto,
2253 2842 2256 2847 -

427 2911 881 2993 Irriguumque
910 2929 1089 2973 mero
1118 2908 1237 2971 sub
1266 2915 1526 2971 noctem
1557 2929 1785 2991 corpus
1811 2909 2112 2973 habent0.

299 3023 384 3085 10
426 3024 584 3098 Aut,
617 3021 670 3083 si
700 3027 922 3083 tantus
954 3040 1134 3082 amor
1163 3017 1482 3082 scribendi
1510 3025 1578 3081 te
1606 3019 1791 3103 rapit,
1826 3020 1986 3085 aude

429 3130 696 3195 Caesaris
724 3129 948 3192 invicti
975 3150 1078 3192 res
1108 3128 1336 3206 dicere,
1369 3128 1576 3190 multa
1600 3128 1893 3192 laborum

390 3232 393 3235 ¹
426 3239 697 3303 Praemia
723 3240 990 3301 laturus.
1081 3237 1425 3320 Cupidum,
1456 3244 1638 3320 pater
1666 3238 1923 3319 optime,
1955 3240 2118 3305 vires

426 3350 753 3413 Deficiunt
779 3373 792 3410 :
840 3367 1048 3429 neque
1078 3346 1252 3410 enim
1283 3346 1488 3430 quivis
1516 3346 1842 3409 horrentia
1870 3349 2013 3430 pilis
2317 3358 2377 3395 ¹³·
2399 3344 2448 3386 0·
2471 3345 2575 3436 ᾖ.
2595 3347 2660 3437 ᾖ

424 3459 707 3542 Agmina
732 3478 852 3521 nec
879 3457 1083 3521 fmcta
1110 3464 1448 3540 pereuntes
1477 3456 1735 3540 cuspide
1767 3458 1987 3521 Gallos
2290 3455 2296 3461 ’

299 3575 380 3636 15
426 3572 565 3634 Aut
595 3568 866 3633 labentis
895 3587 1061 3650 equo
1089 3565 1404 3630 describat
1432 3567 1696 3629 vulnera
1724 3567 1968 3631 Parthi.

426 3683 737 3746 Attamen
766 3686 831 3742 et
851 3680 1105 3761 justum
1132 3684 1385 3761 poteras
1416 3685 1481 3741 et
1510 3677 1784 3741 scribere
1814 3679 2070 3760 fortem,

431 3789 792 3874 Scipiadam
819 3796 895 3851 ut
924 3788 1173 3872 sapiens
1204 3787 1516 3853 Lucilius.
1608 3787 1806 3851 Haud
1836 3790 1995 3853 mihi
2026 3791 2236 3870 deer0,

427 3903 594 3967 Cum
622 3920 723 3962 res
753 3899 889 3982 ipsa
915 3898 1117 3962 feret:
1163 3896 1288 3960 nisi
1317 3896 1541 3960 dextro
1568 3904 1872 3980 tempore,
1906 3902 2119 3965 Flacci
2314 3903 2412 3944 ‘¹⁶²’-
2434 3903 2476 3946 Β·
2496 3905 2534 3945 ²·
2554 3904 2593 3945 ⁴⁵
2612 3904 2650 3944 ⁴·

426 4010 642 4076 Verba
668 4031 782 4093 per
810 4015 1126 4073 attentam
1153 4029 1288 4071 non
1314 4007 1502 4070 ibunt
1534 3994 1802 4071 Caesaris
1831 4030 2050 4074 aurem
2072 4039 2091 4089 3

298 4128 387 4189 20
431 4123 555 4188 Cui
584 4120 751 4184 male
781 4119 833 4182 si
859 4119 1137 4203 palpere,
1169 4118 1528 4182 recalcitrat
1557 4119 1835 4201 undiquc
1866 4127 2067 4183 tutus.

907 4256 952 4302 1.
989 4254 1181 4302 videar.
1314 4252 1396 4300 15.
1430 4253 1694 4300 describit.
