3025 4776
948 308 1521 368 EPISTOLARUM
1582 308 1747 365 LIB.
1809 310 1898 367 II.
1956 308 2014 366 ii.
2589 312 2702 367 243

275 473 408 536 120
450 470 820 536 Vehemens
848 477 914 536 et
943 471 1225 554 liquidus
1253 492 1543 556 puroque
1573 471 1934 535 simillimus
1966 472 2140 536 amni

449 582 704 647 Fundet
733 603 884 667 opes
913 582 1300 666 Latiumque
1328 583 1545 649 beabit
1574 582 1770 647 divite
1797 583 2020 666 lingua
2047 609 2066 660 3

448 692 874 757 Luxuriantia
901 700 1280 776 compescet,
1313 692 1503 756 nimis
1535 713 1755 776 aspera
1783 713 1939 756 sano

449 802 719 867 Levabit
749 803 947 881 cultu,
979 802 1218 866 virtute
1247 802 1533 866 carentia
1559 802 1766 880 tollet,

448 912 767 978 Ludentis
796 912 1074 997 speciem
1104 911 1283 977 dabit
1311 920 1377 977 et
1406 913 1828 996 torquebitur,
1861 922 1938 978 ut
1968 916 2075 999 qui

277 1027 403 1087 125
448 1024 649 1089 Nunc
680 1024 1007 1109 Satyrum,
1038 1043 1212 1087 nunc
1242 1032 1558 1107 agrestem
1590 1025 1872 1108 Cyclopa
1899 1035 2211 1090 movetur.
2301 1050 2386 1093 tas·
2409 1043 2449 1085 S·
2473 1044 2508 1084 1·
2530 1047 2566 1084 ⁵.
2587 1047 2651 1085 ⁶³.

450 1133 857 1201 Praetulerim
886 1135 1157 1218 scriptor
1185 1133 1421 1199 delirus
1452 1134 1746 1218 inersque
1789 1135 2009 1213 videri,
2298 1159 2383 1201 m.
2403 1159 2456 1200 A.
2479 1160 2523 1202 P.
2545 1162 2632 1201 με..

448 1246 627 1308 Dum
656 1265 801 1308 mea
829 1243 1149 1308 delectent
1176 1243 1346 1308 mala
1373 1264 1477 1308 me
1505 1244 1608 1308 vel
1635 1244 1906 1328 denique
1937 1246 2182 1325 fallant,

450 1355 668 1424 Quam
697 1375 916 1437 sapere
946 1361 1012 1418 et
1040 1354 1227 1438 ringi.
1319 1355 1473 1419 Fuit
1501 1354 1675 1418 haud
1705 1355 2003 1439 ignobilis
2033 1357 2247 1441 Argis,

450 1463 584 1529 Qui
615 1483 683 1527 se
713 1461 1012 1527 credebat
1039 1463 1238 1527 miros
1268 1462 1486 1527 audire
1515 1464 1856 1546 tragoedos,

278 1576 405 1637 130
450 1576 534 1637 In
561 1594 762 1637 vacuo
790 1574 978 1638 laetus
1006 1595 1211 1639 sessor
1237 1573 1620 1658 plausorque
1649 1573 1944 1653 theatro;
2291 1605 2462 1655 puali.
2485 1605 2641 1647 2151..

448 1686 678 1749 Cetera
707 1685 817 1768 qui
845 1685 993 1749 vitae
1022 1692 1300 1749 servaret
1329 1684 1551 1748 munia
1578 1693 1754 1754 recto

448 1796 656 1873 More,
688 1795 897 1860 bonus
926 1816 1079 1860 sane
1108 1794 1374 1873 vicinus,
1408 1795 1699 1860 amabilis
1727 1796 1977 1882 hospeS‚

448 1907 665 1972 Comis
692 1907 763 1970 in
790 1927 1077 1985 uxorem,
1108 1914 1325 1991 posset
1354 1907 1463 1991 qui
1495 1907 1824 1991 ignoscere
1854 1909 2050 1972 servis
2299 1945 2385 1987 ¹³³-
2407 1933 2449 1975 s.
2467 1933 2506 1974 ε.
2525 1935 2563 1975 2.
2583 1936 2645 1976 σε.

447 2019 538 2082 Et
564 2018 749 2102 signo
778 2019 928 2082 loeso
956 2039 1088 2081 non
1116 2017 1395 2081 insanire
1423 2018 1688 2101 lagenae,

276 2130 400 2192 135
448 2130 672 2194 Posset
702 2128 813 2212 qui
842 2150 1067 2212 rupem
1096 2135 1163 2192 et
1191 2135 1458 2213 puteum
1488 2128 1690 2193 vitare
1720 2138 2069 2213 patentem.
2295 2147 2638 2200 1³5.A.1³.4⁵o.

447 2238 580 2303 Hic
608 2239 721 2304 ubi
752 2246 1173 2321 cognatorum
1205 2238 1432 2323 opibus
1462 2239 1759 2322 curisque
1789 2240 2065 2304 refectus

443 2352 711 2437 Expulit
739 2351 1017 2417 elleboro
1045 2350 1344 2417 morbum
1373 2352 1696 2436 bilemque
1724 2374 1980 2418 meraco
2293 2363 2365 2404 eu.
2386 2362 2427 2405 Β·
2447 2363 2485 2404 2·
2505 2365 2542 2404 3-
2564 2364 2628 2406 ⁸2·

442 2462 535 2527 Et
560 2463 728 2528 redit
757 2463 836 2526 ad
867 2485 1040 2529 sese:
1088 2464 1209 2530 Pol
1239 2484 1342 2527 me
1373 2463 1715 2543 occidistis,
1749 2464 1960 2543 amici,

442 2574 601 2640 Non
630 2574 947 2653 servastis,
979 2575 1092 2653 ait,
1125 2575 1230 2639 cui
1260 2574 1350 2638 sic
1380 2581 1631 2638 extorta
1658 2576 1950 2659 voluptas

270 2686 401 2749 140
444 2685 531 2748 Et
560 2684 856 2768 demptus
883 2706 998 2769 per
1025 2685 1155 2748 vim
1186 2684 1420 2748 mentis
1451 2685 1851 2768 gratissimus
1880 2706 2074 2750 error.

444 2796 774 2861 Nimirum
805 2816 1023 2879 sapere
1053 2802 1151 2859 est
1183 2795 1449 2878 abjectis
1478 2795 1641 2859 utile
1671 2796 1861 2879 nugis
2292 2809 2666 2861 nu9.a.1.1.10.

446 2908 534 2971 Et
563 2906 1009 2990 tempestivum
1041 2905 1252 2989 pueris
1283 2906 1627 2971 concedere
1668 2906 1915 2985 ludum,
2405 2906 2412 2914 ’

322 3084 331 3093 ‚
442 3021 543 3082 Ac
570 3039 703 3081 non
730 3017 922 3081 verba
951 3016 1132 3099 sequi
1162 3015 1395 3080 fidibus
1424 3015 1814 3081 modulanda
1843 3018 2115 3097 Latinis,

445 3127 571 3192 Sed
601 3148 765 3191 verae
793 3146 1218 3208 numerosque
1248 3124 1598 3210 modosque
1628 3126 1905 3190 ediscere
1935 3129 2104 3193 vitae.
2291 3161 2362 3189 ma.
2385 3162 2437 3191 m.
2460 3151 2685 3193 naisso.

271 3242 395 3302 145
445 3237 765 3304 Quocirca
792 3257 1046 3301 mecum
1074 3236 1301 3319 loquor
1328 3234 1467 3298 haec
1495 3234 1855 3320 tacitusque
1885 3238 2216 3303 recordor:

446 3347 515 3411 Si
544 3346 665 3412 tibi
693 3346 871 3409 nulla
898 3346 1073 3409 sitim
1104 3345 1317 3411 finiret
1347 3344 1530 3428 copia
1559 3344 1860 3428 lymphae,
2289 3380 2376 3428 1⁴⁶·
2398 3378 2445 3419 c,
2466 3381 2504 3420 2
2525 3382 2563 3423 ζ
2586 3382 2646 3421 1³.

439 3460 757 3525 Narrares
785 3457 1084 3534 medicis;
1132 3455 1323 3539 quod,
1358 3464 1600 3539 quanto
1629 3456 1812 3539 plura
1840 3459 2099 3540 parasti,

442 3551 649 3634 Tanto
677 3569 863 3653 plura
893 3567 1093 3651 cupis,
1124 3566 1370 3630 nulline
1399 3565 1659 3630 faterier
1689 3565 1884 3629 audes
1904 3568 1934 3630 ?

442 3682 513 3745 Si
541 3681 767 3744 volnus
793 3678 913 3742 tibi
942 3684 1296 3743 monstrata
1323 3677 1537 3741 radice
1568 3677 1664 3740 vel
1694 3677 1892 3741 herba

267 3797 396 3859 150
437 3793 593 3857 Non
623 3792 802 3856 fieret
828 3789 1050 3868 levius,
1080 3790 1333 3872 fugeres
1362 3788 1576 3852 radice
1602 3789 1700 3852 vel
1731 3788 1934 3853 herba

438 3897 817 3967 Proficiente
846 3900 1009 3964 nihil
1039 3898 1338 3963 curarier.
1429 3898 1766 3979 Audieras,
1810 3900 1914 3964 cui

440 4016 606 4079 Rem
636 4012 703 4076 di
733 4013 1068 4088 donarent,
1099 4009 1194 4073 illi
1226 4008 1529 4073 decedere
1560 4031 1823 4093 pravam

441 4122 799 4188 stultitiam
821 4146 841 4199 3
888 4127 975 4199 et,
1008 4140 1156 4183 cum
1187 4117 1273 4181 sis
1302 4116 1506 4180 nihilo
1537 4117 1900 4202 sapientior,
1934 4140 2010 4183 ex
2043 4141 2170 4203 quo

463 4301 576 4347 120.
614 4300 637 4345 :³
662 4310 888 4344 vemens.
1024 4292 1135 4342 137.
1170 4292 1446 4341 helleboro.
1585 4294 1696 4342 141.
1735 4293 2036 4355 ?sape1·ost.
