3025 4776
415 833 500 893 10

424 1387 503 1446 15

433 2503 517 2563 25

438 3055 526 3116 30

444 3610 531 3671 35

448 4159 544 4222 40

1128 320 1576 379 CARMINUM
1645 318 1804 376 LIB.
1847 317 1935 373 II.
1979 314 2138 373 xviii.

674 496 817 559 Nec
849 493 1200 558 Laconicas
1231 490 1390 554 mihi

759 604 1051 667 Trahunt
1079 603 1365 689 honestae
1394 619 1709 684 purpuras
1739 595 2009 659 clientae.

673 718 768 781 At
796 715 967 779 fides*
985 722 1050 778 et
1080 712 1304 796 ingeni
2053 726 2054 729 ¹

760 825 1056 908 Benigna
1084 845 1246 887 vena
1274 830 1393 899 est,
1424 838 1896 904 pauperemque
1926 815 2100 879 dives

674 935 791 998 Me
819 933 983 1019 petit
1007 958 1026 1010 3
1072 931 1237 995 nihil
1269 950 1462 1014 supra

763 1048 939 1111 Deos
969 1046 1228 1121 lacesso,
1258 1063 1379 1106 nec
1408 1046 1739 1125 potentem
1770 1038 2050 1101 amicum

677 1156 986 1240 Largiora
1014 1154 1233 1237 flagito
1238 1201 1257 1231 ‚

766 1268 937 1332 Satis
964 1265 1191 1329 beatus
1221 1263 1429 1325 unicis
1461 1261 1737 1325 Sabinis.

680 1380 989 1446 Truditur
1017 1378 1152 1442 dies
1182 1376 1304 1454 die,

768 1492 1097 1574 Novaeque
1128 1495 1405 1572 pergunt
1433 1485 1699 1549 interire
1727 1486 1964 1549 Lunae:

684 1605 782 1667 Tu
812 1601 1084 1666 secanda
1114 1619 1432 1663 marmora

773 1714 979 1777 Locas
1009 1711 1129 1775 sub
1158 1711 1365 1794 ipsum
1399 1709 1634 1786 funus3
1682 1715 1748 1770 et
1776 1705 2048 1790 sepulcri

685 1824 1037 1888 Immemor
1066 1821 1263 1885 struis
1292 1820 1538 1897 domos,

771 1934 1106 2017 Marisque
1135 1933 1289 1996 Bais
1319 1928 1743 2014 obstrepentis
1773 1906 1963 2010 urges

691 2052 1106 2115 Summovere
1135 2047 1346 2124 litora,

780 2162 1016 2225 Parum
1043 2158 1324 2241 locuples
1354 2154 1727 2232 continente
1757 2154 1912 2236 ripa.

694 2270 893 2348 Quid,
926 2269 1093 2353 quod
1127 2287 1328 2350 usque
1359 2265 1679 2349 proximos

781 2380 1054 2445 Revellis
1086 2378 1223 2462 agri
1254 2376 1584 2455 terminos,
1616 2383 1684 2439 et
1711 2374 1882 2438 ultra

695 2494 963 2561 Limites
992 2493 1324 2557 clientium

783 2605 948 2670 Salis
979 2604 1255 2667 avarus?
1303 2601 1564 2686 pellitur
1592 2608 1889 2684 paternos

696 2720 779 2783 In
809 2718 959 2781 sinu
988 2716 1198 2779 ferens
1228 2713 1378 2777 deos
1927 2785 1936 2796 .

781 2830 869 2892 Et
898 2848 1079 2904 uxor,
1110 2833 1177 2889 et
1207 2825 1320 2903 vir,
1354 2822 1767 2905 sordidosque
1798 2827 2003 2884 natos.

696 2939 900 3005 Nulla
928 2936 1161 3002 certior
1188 2942 1409 2998 tamen

787 3047 1057 3132 Rapacis
1086 3044 1242 3111 Orci
1271 3045 1398 3106 fine
1428 3042 1751 3106 destinata

698 3160 868 3226 Aula
897 3155 1161 3222 divitem
1192 3162 1409 3230 manet

785 3273 1011 3335 Erum.
1104 3265 1281 3334 Quid
1311 3265 1483 3328 ultra
1511 3259 1775 3325 tendis?
1864 3259 2078 3342 AEqua
2107 3257 2294 3321 tellus

702 3380 977 3466 Pauperi
1007 3376 1360 3443 recluditur

792 3493 1171 3574 Regumque
1201 3485 1437 3570 pueris,
1469 3503 1589 3546 nec
1620 3479 1870 3544 satelles
1899 3479 2054 3544 Orci

707 3602 1029 3669 Callidum
1058 3597 1451 3664 Promethea

793 3711 1062 3778 Revexit
1091 3730 1249 3772 auro
1278 3715 1520 3791 captus,
1614 3705 1745 3767 Hic
1774 3702 2118 3786 superbum

706 3823 1069 3900 Tantalum,
1101 3828 1293 3904 atque
1323 3817 1577 3883 Tantali

752 3987 753 3990 η
797 3935 1339 4008 Genus-coercet3
1385 3929 1492 3992 hic
1522 3928 1731 3990 levare
1758 3925 2054 3989 functum

715 4046 1072 4129 Pauperem
1104 4039 1427 4107 laboribus

796 4157 1085 4221 Vocatus
1116 4160 1308 4235 atque
1339 4171 1471 4215 non
1499 4154 1761 4212 vocatus
1792 4145 1991 4209 audit.

853 4317 930 4366 10.
969 4317 1214 4366 ?venast-.
1351 4315 1429 4360 20.
1467 4311 1622 4358 Baiis.
1757 4309 1836 4354 32.
1877 4306 1924 4352 H
1926 4321 2088 4353 cccccc

2763 313 2834 364 49

2457 1951 2518 1980 πο.
2542 1937 2590 1979 E.
2613 1938 2647 1978 1.
2670 1939 2705 1978 1.
2725 1939 2788 1977 83.

2465 3289 2528 3326 3²-
2550 3275 2596 3314 C.
2622 3276 2655 3315 1.
2677 3276 2714 3314 4.
2738 3275 2798 3313 13.

2469 3632 2531 3674 35.
2555 3622 2601 3662 Ο.
2622 3622 2659 3660 2.
2683 3621 2742 3660 13.
2764 3619 2827 3659 37.

2469 3734 2566 3764 aur.
2588 3721 2638 3761 E.
2658 3721 2695 3760 2.
2716 3722 2753 3758 2.
2777 3719 2860 3758 179.

2468 3849 2531 3888 ³⁷-
2553 3836 2600 3876 e.
2621 3834 2658 3873 1.
2677 3833 2740 3872 ze.
2759 3830 2798 3872 ⁷.

2474 3951 2562 3990 ωε.
2583 3949 2631 3988 c.
2652 3949 2689 3987 ε.
2712 3946 2773 3984 14.
2794 3946 2831 3984 ο.
