<?xml version="1.0" encoding="UTF-8"?>
<!DOCTYPE html PUBLIC "-//W3C//DTD XHTML 1.0 Transitional//EN"
    "http://www.w3.org/TR/xhtml1/DTD/xhtml1-transitional.dtd">
<html xmlns="http://www.w3.org/1999/xhtml" xml:lang="en" lang="en">
 <head>
  <title>
</title>
<meta http-equiv="Content-Type" content="text/html;charset=utf-8" />
  <meta name='ocr-system' content='tesseract 3.04.00' />
  <meta name='ocr-capabilities' content='ocr_page ocr_carea ocr_par ocr_line ocrx_word'/>
</head>
<body>
  <div class='ocr_page' id='page_1' title='image "./quintihoratifla03horagoog_0171.png"; bbox 0 0 3025 4776; ppageno 0'>
   <div class='ocr_carea' id='block_1_1' title="bbox 969 258 2678 323">
    <p class='ocr_par' dir='ltr' id='par_1_1' title="bbox 969 258 2678 323">
     <span class='ocr_line' id='line_1_1' title="bbox 969 258 2678 323; baseline 0.002 -4"><span class='ocrx_word' id='word_1_1' title='bbox 969 258 1447 321; x_wconf 75' lang='lat' dir='ltr'><em>SATIRARUM</em></span> <span class='ocrx_word' id='word_1_2' title='bbox 1495 263 1651 318; x_wconf 86' lang='lat' dir='ltr'><strong>LIB.</strong></span> <span class='ocrx_word' id='word_1_3' title='bbox 1714 264 1768 320; x_wconf 92' lang='grc' dir='ltr'><strong>Ι.</strong></span> <span class='ocrx_word' id='word_1_4' title='bbox 1825 262 1907 319; x_wconf 91' lang='lat' dir='ltr'><strong>iii.</strong></span> <span class='ocrx_word' id='word_1_5' title='bbox 2568 268 2678 323; x_wconf 82' lang='lat'><strong>139</strong></span> 
     </span>
    </p>
   </div>
   <div class='ocr_carea' id='block_1_2' title="bbox 381 421 2132 619">
    <p class='ocr_par' dir='ltr' id='par_1_2' title="bbox 381 421 2132 619">
     <span class='ocr_line' id='line_1_2' title="bbox 381 421 2078 508; baseline -0.001 -19"><span class='ocrx_word' id='word_1_6' title='bbox 381 425 490 489; x_wconf 91' lang='lat' dir='ltr'><strong>Ne</strong></span> <span class='ocrx_word' id='word_1_7' title='bbox 519 423 770 489; x_wconf 91' lang='lat' dir='ltr'><strong>nummi</strong></span> <span class='ocrx_word' id='word_1_8' title='bbox 798 430 1064 508; x_wconf 87' lang='lat' dir='ltr'><strong>pereant</strong></span> <span class='ocrx_word' id='word_1_9' title='bbox 1094 430 1208 489; x_wconf 88' lang='lat' dir='ltr'><strong>aut</strong></span> <span class='ocrx_word' id='word_1_10' title='bbox 1237 444 1409 506; x_wconf 88' lang='lat' dir='ltr'><strong>puga</strong></span> <span class='ocrx_word' id='word_1_11' title='bbox 1437 431 1551 485; x_wconf 89' lang='lat' dir='ltr'><strong>aut</strong></span> <span class='ocrx_word' id='word_1_12' title='bbox 1580 421 1856 506; x_wconf 86' lang='lat' dir='ltr'><strong>denique</strong></span> <span class='ocrx_word' id='word_1_13' title='bbox 1884 423 2078 488; x_wconf 88' lang='lat' dir='ltr'><strong>fama.</strong></span> 
     </span>
     <span class='ocr_line' id='line_1_3' title="bbox 383 533 2132 619; baseline -0.002 -20"><span class='ocrx_word' id='word_1_14' title='bbox 383 535 710 619; x_wconf 84' lang='lat' dir='ltr'>Deprendi</span> <span class='ocrx_word' id='word_1_15' title='bbox 738 534 1045 599; x_wconf 88' lang='lat' dir='ltr'><strong>miserum</strong></span> <span class='ocrx_word' id='word_1_16' title='bbox 1075 541 1211 612; x_wconf 78' lang='lat' dir='ltr'><strong>est3</strong></span> <span class='ocrx_word' id='word_1_17' title='bbox 1259 533 1460 598; x_wconf 84' lang='lat' dir='ltr'><strong>Fabio</strong></span> <span class='ocrx_word' id='word_1_18' title='bbox 1487 534 1588 597; x_wconf 85' lang='lat' dir='ltr'><strong>vel</strong></span> <span class='ocrx_word' id='word_1_19' title='bbox 1611 533 1832 617; x_wconf 86' lang='lat' dir='ltr'><strong>judice</strong></span> <span class='ocrx_word' id='word_1_20' title='bbox 1859 534 2132 598; x_wconf 87' lang='lat' dir='ltr'><strong>vincam.</strong></span> 
     </span>
    </p>
   </div>
   <div class='ocr_carea' id='block_1_3' title="bbox 1185 955 1323 1020">
    <p class='ocr_par' dir='ltr' id='par_1_3' title="bbox 1185 955 1323 1020">
     <span class='ocr_line' id='line_1_4' title="bbox 1185 955 1323 1020; baseline -0.022 0"><span class='ocrx_word' id='word_1_21' title='bbox 1185 955 1323 1020; x_wconf 92' lang='grc' dir='ltr'>ΙΙΙ.</span> 
     </span>
    </p>
   </div>
   <div class='ocr_carea' id='block_1_4' title="bbox 271 1101 2682 4156">
    <p class='ocr_par' dir='ltr' id='par_1_4' title="bbox 271 1101 2682 4156">
     <span class='ocr_line' id='line_1_5' title="bbox 390 1101 2138 1181; baseline -0.002 -13"><span class='ocrx_word' id='word_1_22' title='bbox 390 1105 713 1169; x_wconf 70' lang='lat' dir='ltr'><strong>Omnnus</strong></span> <span class='ocrx_word' id='word_1_23' title='bbox 742 1102 864 1168; x_wconf 89' lang='lat' dir='ltr'><strong>hoc</strong></span> <span class='ocrx_word' id='word_1_24' title='bbox 892 1102 1125 1167; x_wconf 85' lang='lat' dir='ltr'><strong>vitium</strong></span> <span class='ocrx_word' id='word_1_25' title='bbox 1155 1109 1254 1166; x_wconf 91' lang='lat' dir='ltr'><strong>est</strong></span> <span class='ocrx_word' id='word_1_26' title='bbox 1282 1102 1673 1181; x_wconf 85' lang='lat' dir='ltr'><strong>cantoribus,</strong></span> <span class='ocrx_word' id='word_1_27' title='bbox 1703 1101 1872 1166; x_wconf 86' lang='lat' dir='ltr'><strong>inter</strong></span> <span class='ocrx_word' id='word_1_28' title='bbox 1901 1103 2138 1166; x_wconf 90' lang='lat' dir='ltr'><strong>amicos</strong></span> 
     </span>
     <span class='ocr_line' id='line_1_6' title="bbox 391 1211 2075 1297; baseline -0.002 -18"><span class='ocrx_word' id='word_1_29' title='bbox 391 1217 490 1280; x_wconf 90' lang='lat' dir='ltr'><strong>Ut</strong></span> <span class='ocrx_word' id='word_1_30' title='bbox 517 1235 871 1297; x_wconf 88' lang='lat' dir='ltr'><strong>numquam</strong></span> <span class='ocrx_word' id='word_1_31' title='bbox 900 1212 1210 1277; x_wconf 78' lang='lat' dir='ltr'><strong>inducant</strong></span> <span class='ocrx_word' id='word_1_32' title='bbox 1240 1211 1523 1276; x_wconf 88' lang='lat' dir='ltr'><strong>animum</strong></span> <span class='ocrx_word' id='word_1_33' title='bbox 1558 1220 1816 1277; x_wconf 88' lang='lat' dir='ltr'><strong>cantare</strong></span> <span class='ocrx_word' id='word_1_34' title='bbox 1844 1214 2075 1296; x_wconf 86' lang='lat' dir='ltr'><strong>rogati,</strong></span> 
     </span>
     <span class='ocr_line' id='line_1_7' title="bbox 389 1302 2016 1409; baseline -0.002 -20"><span class='ocrx_word' id='word_1_35' title='bbox 389 1302 632 1409; x_wconf 86' lang='lat' dir='ltr'><strong>Injussi</strong></span> <span class='ocrx_word' id='word_1_36' title='bbox 660 1344 1017 1407; x_wconf 86' lang='lat' dir='ltr'><strong>numquam</strong></span> <span class='ocrx_word' id='word_1_37' title='bbox 1046 1323 1376 1386; x_wconf 76' lang='lat' dir='ltr'><strong>desistant.</strong></span> <span class='ocrx_word' id='word_1_38' title='bbox 1468 1322 1708 1386; x_wconf 81' lang='lat' dir='ltr'><strong>Sardus</strong></span> <span class='ocrx_word' id='word_1_39' title='bbox 1737 1322 2016 1387; x_wconf 90' lang='lat' dir='ltr'><strong>habebat</strong></span> 
     </span>
     <span class='ocr_line' id='line_1_8' title="bbox 392 1434 2009 1518; baseline -0.001 -19"><span class='ocrx_word' id='word_1_40' title='bbox 392 1437 515 1499; x_wconf 93' lang='lat' dir='ltr'><strong>Ille</strong></span> <span class='ocrx_word' id='word_1_41' title='bbox 544 1436 849 1518; x_wconf 79' lang='lat' dir='ltr'>Tigellius</span> <span class='ocrx_word' id='word_1_42' title='bbox 877 1436 1019 1499; x_wconf 91' lang='lat' dir='ltr'><strong>hoc.</strong></span> <span class='ocrx_word' id='word_1_43' title='bbox 1109 1436 1345 1513; x_wconf 82' lang='lat' dir='ltr'><strong>Caesar,</strong></span> <span class='ocrx_word' id='word_1_44' title='bbox 1378 1434 1491 1517; x_wconf 88' lang='lat' dir='ltr'><strong>qui</strong></span> <span class='ocrx_word' id='word_1_45' title='bbox 1521 1455 1744 1518; x_wconf 89' lang='lat' dir='ltr'><strong>cogere</strong></span> <span class='ocrx_word' id='word_1_46' title='bbox 1772 1443 2009 1518; x_wconf 80' lang='lat' dir='ltr'><strong>posset,</strong></span> 
     </span>
     <span class='ocr_line' id='line_1_9' title="bbox 308 1545 2100 1630; baseline -0.001 -20"><span class='ocrx_word' id='word_1_47' title='bbox 308 1551 347 1610; x_wconf 84' lang='lat'>5</span> <span class='ocrx_word' id='word_1_48' title='bbox 395 1547 466 1612; x_wconf 83' lang='lat' dir='ltr'><strong>Si</strong></span> <span class='ocrx_word' id='word_1_49' title='bbox 496 1554 738 1630; x_wconf 88' lang='lat' dir='ltr'><strong>peteret</strong></span> <span class='ocrx_word' id='word_1_50' title='bbox 766 1566 879 1629; x_wconf 91' lang='lat' dir='ltr'><strong>per</strong></span> <span class='ocrx_word' id='word_1_51' title='bbox 907 1545 1255 1610; x_wconf 78' lang='lat' dir='ltr'><strong>amicitiam</strong></span> <span class='ocrx_word' id='word_1_52' title='bbox 1283 1546 1481 1628; x_wconf 89' lang='lat' dir='ltr'><strong>patris</strong></span> <span class='ocrx_word' id='word_1_53' title='bbox 1510 1552 1703 1627; x_wconf 90' lang='lat' dir='ltr'><strong>atque</strong></span> <span class='ocrx_word' id='word_1_54' title='bbox 1732 1567 1935 1624; x_wconf 89' lang='lat' dir='ltr'><strong>suam,</strong></span> <span class='ocrx_word' id='word_1_55' title='bbox 1967 1566 2100 1610; x_wconf 90' lang='lat' dir='ltr'><strong>non</strong></span> 
     </span>
     <span class='ocr_line' id='line_1_10' title="bbox 399 1642 2076 1739; baseline -0.002 -16"><span class='ocrx_word' id='word_1_56' title='bbox 399 1656 760 1739; x_wconf 77' lang='lat' dir='ltr'><strong>Quicquam</strong></span> <span class='ocrx_word' id='word_1_57' title='bbox 788 1656 1121 1739; x_wconf 90' lang='lat' dir='ltr'><strong>proficeret</strong></span> <span class='ocrx_word' id='word_1_58' title='bbox 1141 1681 1161 1733; x_wconf 70' lang='grc' dir='ltr'><strong><em>ς</em></strong></span> <span class='ocrx_word' id='word_1_59' title='bbox 1210 1655 1265 1718; x_wconf 93' lang='lat' dir='ltr'><strong>si</strong></span> <span class='ocrx_word' id='word_1_60' title='bbox 1295 1655 1707 1734; x_wconf 80' lang='lat' dir='ltr'><strong>collibuisset,</strong></span> <span class='ocrx_word' id='word_1_61' title='bbox 1742 1655 1822 1719; x_wconf 88' lang='lat' dir='ltr'><strong>ab</strong></span> <span class='ocrx_word' id='word_1_62' title='bbox 1853 1677 1970 1720; x_wconf 85' lang='lat' dir='ltr'><strong>ovo</strong></span> <span class='ocrx_word' id='word_1_63' title='bbox 2067 1642 2076 1647; x_wconf 48' lang='grc'><strong><em>’</em></strong></span> 
     </span>
     <span class='ocr_line' id='line_1_11' title="bbox 396 1766 2146 1851; baseline -0.001 -20"><span class='ocrx_word' id='word_1_64' title='bbox 396 1769 620 1851; x_wconf 84' lang='lat' dir='ltr'><strong>Usque</strong></span> <span class='ocrx_word' id='word_1_65' title='bbox 651 1767 731 1831; x_wconf 90' lang='lat' dir='ltr'><strong>ad</strong></span> <span class='ocrx_word' id='word_1_66' title='bbox 760 1768 929 1830; x_wconf 86' lang='lat' dir='ltr'><strong>mala</strong></span> <span class='ocrx_word' id='word_1_67' title='bbox 957 1767 1184 1829; x_wconf 82' lang='lat' dir='ltr'><strong>citaret</strong></span> <span class='ocrx_word' id='word_1_68' title='bbox 1216 1766 1295 1830; x_wconf 92' lang='lat' dir='ltr'><strong>Io</strong></span> <span class='ocrx_word' id='word_1_69' title='bbox 1326 1766 1580 1829; x_wconf 89' lang='lat' dir='ltr'><strong>Bacche</strong></span> <span class='ocrx_word' id='word_1_70' title='bbox 1608 1766 1623 1829; x_wconf 70' lang='grc' dir='ltr'>Ι</span> <span class='ocrx_word' id='word_1_71' title='bbox 1667 1766 1865 1830; x_wconf 83' lang='lat' dir='ltr'><strong>modo</strong></span> <span class='ocrx_word' id='word_1_72' title='bbox 1895 1787 2146 1830; x_wconf 88' lang='lat' dir='ltr'><strong>summa</strong></span> 
     </span>
     <span class='ocr_line' id='line_1_12' title="bbox 395 1874 2192 1969; baseline 0 -28"><span class='ocrx_word' id='word_1_73' title='bbox 395 1879 571 1941; x_wconf 90' lang='lat' dir='ltr'><strong>Voce</strong></span> <span class='ocrx_word' id='word_1_74' title='bbox 601 1878 790 1941; x_wconf 90' lang='lat' dir='ltr'><strong>modo</strong></span> <span class='ocrx_word' id='word_1_75' title='bbox 817 1878 940 1940; x_wconf 82' lang='lat' dir='ltr'><strong>hac</strong></span> <span class='ocrx_word' id='word_1_76' title='bbox 970 1883 1225 1939; x_wconf 90' lang='lat' dir='ltr'><strong>resonat</strong></span> <span class='ocrx_word' id='word_1_77' title='bbox 1258 1895 1399 1957; x_wconf 84' lang='lat' dir='ltr'><strong>quae</strong></span> <span class='ocrx_word' id='word_1_78' title='bbox 1430 1874 1684 1939; x_wconf 88' lang='lat' dir='ltr'><strong>chordis</strong></span> <span class='ocrx_word' id='word_1_79' title='bbox 1715 1885 1987 1959; x_wconf 85' lang='lat' dir='ltr'><strong>quatuor</strong></span> <span class='ocrx_word' id='word_1_80' title='bbox 2017 1878 2192 1969; x_wconf 41' lang='lat' dir='ltr'><strong>ima5</strong></span> 
     </span>
     <span class='ocr_line' id='line_1_13' title="bbox 396 1984 2658 2072; baseline -0.003 -21"><span class='ocrx_word' id='word_1_81' title='bbox 396 1989 515 2051; x_wconf 93' lang='lat' dir='ltr'><strong>Nil</strong></span> <span class='ocrx_word' id='word_1_82' title='bbox 543 1989 784 2072; x_wconf 85' lang='lat' dir='ltr'><strong>aequale</strong></span> <span class='ocrx_word' id='word_1_83' title='bbox 811 1984 1059 2051; x_wconf 89' lang='lat' dir='ltr'><strong>homini</strong></span> <span class='ocrx_word' id='word_1_84' title='bbox 1090 1987 1213 2050; x_wconf 85' lang='lat' dir='ltr'><strong>fuit</strong></span> <span class='ocrx_word' id='word_1_85' title='bbox 1242 1987 1372 2051; x_wconf 90' lang='lat' dir='ltr'><strong>illi:</strong></span> <span class='ocrx_word' id='word_1_86' title='bbox 1421 2007 1587 2071; x_wconf 85' lang='lat' dir='ltr'><strong>saepe</strong></span> <span class='ocrx_word' id='word_1_87' title='bbox 1615 1987 1791 2051; x_wconf 86' lang='lat' dir='ltr'><strong>velut</strong></span> <span class='ocrx_word' id='word_1_88' title='bbox 1821 1989 1930 2070; x_wconf 79' lang='lat' dir='ltr'><strong>qui</strong></span> <span class='ocrx_word' id='word_1_89' title='bbox 2284 2016 2394 2057; x_wconf 71' lang='lat' dir='ltr'><strong>aequ.</strong></span> <span class='ocrx_word' id='word_1_90' title='bbox 2417 2005 2458 2047; x_wconf 90' lang='lat' dir='ltr'><strong>s.</strong></span> <span class='ocrx_word' id='word_1_91' title='bbox 2477 2005 2515 2047; x_wconf 87' lang='lat'><strong>2.</strong></span> <span class='ocrx_word' id='word_1_92' title='bbox 2535 2005 2572 2046; x_wconf 79' lang='lat'><strong>⁷.</strong></span> <span class='ocrx_word' id='word_1_93' title='bbox 2593 2004 2658 2044; x_wconf 87' lang='lat'><strong>10.</strong></span> 
     </span>
     <span class='ocr_line' id='line_1_14' title="bbox 271 2097 1951 2182; baseline 0.001 -20"><span class='ocrx_word' id='word_1_94' title='bbox 271 2100 358 2163; x_wconf 82' lang='lat'><strong>10</strong></span> <span class='ocrx_word' id='word_1_95' title='bbox 399 2100 709 2164; x_wconf 70' lang='lat' dir='ltr'><strong>Cui-rebat</strong></span> <span class='ocrx_word' id='word_1_96' title='bbox 736 2098 990 2181; x_wconf 87' lang='lat' dir='ltr'><strong>fugiens</strong></span> <span class='ocrx_word' id='word_1_97' title='bbox 1019 2097 1294 2175; x_wconf 86' lang='lat' dir='ltr'><strong>hostem,</strong></span> <span class='ocrx_word' id='word_1_98' title='bbox 1324 2118 1605 2182; x_wconf 83' lang='lat' dir='ltr'><strong>persaepe</strong></span> <span class='ocrx_word' id='word_1_99' title='bbox 1635 2098 1810 2161; x_wconf 84' lang='lat' dir='ltr'><strong>velut</strong></span> <span class='ocrx_word' id='word_1_100' title='bbox 1841 2099 1951 2181; x_wconf 91' lang='lat' dir='ltr'><strong>qui</strong></span> 
     </span>
     <span class='ocr_line' id='line_1_15' title="bbox 399 2191 2030 2294; baseline 0.002 -21"><span class='ocrx_word' id='word_1_101' title='bbox 399 2212 442 2273; x_wconf 88' lang='lat' dir='ltr'><strong>J</strong></span> <span class='ocrx_word' id='word_1_102' title='bbox 447 2210 674 2273; x_wconf 90' lang='lat' dir='ltr'><strong>unonis</strong></span> <span class='ocrx_word' id='word_1_103' title='bbox 702 2231 881 2273; x_wconf 84' lang='lat' dir='ltr'><strong>sacra</strong></span> <span class='ocrx_word' id='word_1_104' title='bbox 909 2191 1148 2288; x_wconf 67' lang='lat' dir='ltr'><strong>ferret}</strong></span> <span class='ocrx_word' id='word_1_105' title='bbox 1195 2210 1473 2275; x_wconf 87' lang='lat' dir='ltr'><strong>habebat</strong></span> <span class='ocrx_word' id='word_1_106' title='bbox 1502 2232 1670 2294; x_wconf 84' lang='lat' dir='ltr'><strong>saepe</strong></span> <span class='ocrx_word' id='word_1_107' title='bbox 1699 2212 2030 2291; x_wconf 88' lang='lat' dir='ltr'><strong>ducentos,</strong></span> 
     </span>
     <span class='ocr_line' id='line_1_16' title="bbox 402 2320 2196 2406; baseline 0.001 -22"><span class='ocrx_word' id='word_1_108' title='bbox 402 2321 583 2404; x_wconf 85' lang='lat' dir='ltr'><strong>Saepe</strong></span> <span class='ocrx_word' id='word_1_109' title='bbox 613 2320 833 2385; x_wconf 88' lang='lat' dir='ltr'><strong>decem</strong></span> <span class='ocrx_word' id='word_1_110' title='bbox 862 2341 1116 2401; x_wconf 82' lang='lat' dir='ltr'><strong>servos3</strong></span> <span class='ocrx_word' id='word_1_111' title='bbox 1164 2322 1356 2386; x_wconf 91' lang='lat' dir='ltr'><strong>modo</strong></span> <span class='ocrx_word' id='word_1_112' title='bbox 1384 2343 1569 2405; x_wconf 88' lang='lat' dir='ltr'><strong>reges</strong></span> <span class='ocrx_word' id='word_1_113' title='bbox 1601 2331 1792 2406; x_wconf 86' lang='lat' dir='ltr'><strong>atque</strong></span> <span class='ocrx_word' id='word_1_114' title='bbox 1821 2324 2196 2402; x_wconf 86' lang='lat' dir='ltr'><strong>tetrarchas,</strong></span> 
     </span>
     <span class='ocr_line' id='line_1_17' title="bbox 404 2431 2682 2518; baseline -0.002 -22"><span class='ocrx_word' id='word_1_115' title='bbox 404 2431 639 2496; x_wconf 90' lang='lat' dir='ltr'><strong>Omnia</strong></span> <span class='ocrx_word' id='word_1_116' title='bbox 657 2453 890 2514; x_wconf 90' lang='lat' dir='ltr'><strong>magna</strong></span> <span class='ocrx_word' id='word_1_117' title='bbox 906 2433 1171 2516; x_wconf 88' lang='lat' dir='ltr'><strong>loquens</strong></span> <span class='ocrx_word' id='word_1_118' title='bbox 1178 2458 1197 2511; x_wconf 82' lang='lat'><em>3</em></span> <span class='ocrx_word' id='word_1_119' title='bbox 1221 2434 1435 2512; x_wconf 89' lang='lat' dir='ltr'><strong>modo,</strong></span> <span class='ocrx_word' id='word_1_120' title='bbox 1450 2434 1552 2497; x_wconf 89' lang='lat' dir='ltr'><strong>Sit</strong></span> <span class='ocrx_word' id='word_1_121' title='bbox 1568 2434 1729 2497; x_wconf 90' lang='lat' dir='ltr'><strong>mihi</strong></span> <span class='ocrx_word' id='word_1_122' title='bbox 1746 2456 1967 2498; x_wconf 90' lang='lat' dir='ltr'><strong>mensa</strong></span> <span class='ocrx_word' id='word_1_123' title='bbox 1984 2435 2180 2518; x_wconf 87' lang='lat' dir='ltr'><strong>tripes</strong></span> <span class='ocrx_word' id='word_1_124' title='bbox 2198 2441 2264 2498; x_wconf 90' lang='lat' dir='ltr'><strong>et</strong></span> <span class='ocrx_word' id='word_1_125' title='bbox 2289 2463 2400 2494; x_wconf 71' lang='lat' dir='ltr'><strong>men.</strong></span> <span class='ocrx_word' id='word_1_126' title='bbox 2421 2451 2469 2493; x_wconf 90' lang='lat' dir='ltr'><strong>c.</strong></span> <span class='ocrx_word' id='word_1_127' title='bbox 2487 2451 2682 2493; x_wconf 68' lang='lat' dir='ltr'><strong>2.1o.14.</strong></span> 
     </span>
     <span class='ocr_line' id='line_1_18' title="bbox 402 2541 2086 2626; baseline 0.002 -22"><span class='ocrx_word' id='word_1_128' title='bbox 402 2541 665 2605; x_wconf 86' lang='lat' dir='ltr'><strong>Concha</strong></span> <span class='ocrx_word' id='word_1_129' title='bbox 693 2541 842 2605; x_wconf 87' lang='lat' dir='ltr'><strong>salis</strong></span> <span class='ocrx_word' id='word_1_130' title='bbox 871 2543 1015 2625; x_wconf 89' lang='lat' dir='ltr'><strong>puri</strong></span> <span class='ocrx_word' id='word_1_131' title='bbox 1043 2549 1110 2605; x_wconf 87' lang='lat' dir='ltr'><strong>et</strong></span> <span class='ocrx_word' id='word_1_132' title='bbox 1136 2551 1311 2626; x_wconf 87' lang='lat' dir='ltr'><strong>toga,</strong></span> <span class='ocrx_word' id='word_1_133' title='bbox 1345 2564 1486 2625; x_wconf 85' lang='lat' dir='ltr'><strong>quae</strong></span> <span class='ocrx_word' id='word_1_134' title='bbox 1517 2542 1853 2607; x_wconf 83' lang='lat' dir='ltr'><strong>defendere</strong></span> <span class='ocrx_word' id='word_1_135' title='bbox 1882 2544 2086 2626; x_wconf 82' lang='lat' dir='ltr'><strong>frigus</strong></span> 
     </span>
     <span class='ocr_line' id='line_1_19' title="bbox 274 2651 2120 2734; baseline 0.002 -20"><span class='ocrx_word' id='word_1_136' title='bbox 274 2652 353 2715; x_wconf 88' lang='lat'><strong>15</strong></span> <span class='ocrx_word' id='word_1_137' title='bbox 405 2651 710 2717; x_wconf 82' lang='lat' dir='ltr'><strong>Quamvis</strong></span> <span class='ocrx_word' id='word_1_138' title='bbox 739 2673 950 2715; x_wconf 86' lang='lat' dir='ltr'><strong>crassa</strong></span> <span class='ocrx_word' id='word_1_139' title='bbox 979 2660 1190 2734; x_wconf 84' lang='lat' dir='ltr'><strong>queat.</strong></span> <span class='ocrx_word' id='word_1_140' title='bbox 1282 2653 1512 2716; x_wconf 85' lang='lat' dir='ltr'><strong>Decies</strong></span> <span class='ocrx_word' id='word_1_141' title='bbox 1543 2660 1814 2716; x_wconf 87' lang='lat' dir='ltr'><strong>centena</strong></span> <span class='ocrx_word' id='word_1_142' title='bbox 1843 2653 2120 2718; x_wconf 85' lang='lat' dir='ltr'><strong>dedisses</strong></span> 
     </span>
     <span class='ocr_line' id='line_1_20' title="bbox 406 2764 1966 2848; baseline 0.002 -22"><span class='ocrx_word' id='word_1_143' title='bbox 406 2764 580 2828; x_wconf 91' lang='lat' dir='ltr'><strong>Huic</strong></span> <span class='ocrx_word' id='word_1_144' title='bbox 607 2785 797 2848; x_wconf 90' lang='lat' dir='ltr'><strong>parco</strong></span> <span class='ocrx_word' id='word_1_145' title='bbox 826 2765 1042 2847; x_wconf 86' lang='lat' dir='ltr'><strong>paucis</strong></span> <span class='ocrx_word' id='word_1_146' title='bbox 1072 2770 1396 2841; x_wconf 90' lang='lat' dir='ltr'><strong>contento,</strong></span> <span class='ocrx_word' id='word_1_147' title='bbox 1431 2765 1714 2847; x_wconf 91' lang='lat' dir='ltr'><strong>quinque</strong></span> <span class='ocrx_word' id='word_1_148' title='bbox 1744 2764 1966 2829; x_wconf 86' lang='lat' dir='ltr'><strong>diebus</strong></span> 
     </span>
     <span class='ocr_line' id='line_1_21' title="bbox 401 2873 2071 2958; baseline 0.001 -21"><span class='ocrx_word' id='word_1_149' title='bbox 401 2873 519 2937; x_wconf 91' lang='lat' dir='ltr'><strong>Nil</strong></span> <span class='ocrx_word' id='word_1_150' title='bbox 548 2883 684 2939; x_wconf 87' lang='lat' dir='ltr'><strong>erat</strong></span> <span class='ocrx_word' id='word_1_151' title='bbox 711 2875 783 2938; x_wconf 88' lang='lat' dir='ltr'><strong>in</strong></span> <span class='ocrx_word' id='word_1_152' title='bbox 810 2874 1054 2939; x_wconf 87' lang='lat' dir='ltr'><strong>loculis.</strong></span> <span class='ocrx_word' id='word_1_153' title='bbox 1144 2875 1391 2938; x_wconf 88' lang='lat' dir='ltr'><strong>Noctes</strong></span> <span class='ocrx_word' id='word_1_154' title='bbox 1420 2874 1723 2957; x_wconf 86' lang='lat' dir='ltr'><strong>vigilabat</strong></span> <span class='ocrx_word' id='word_1_155' title='bbox 1755 2875 1835 2938; x_wconf 89' lang='lat' dir='ltr'><strong>ad</strong></span> <span class='ocrx_word' id='word_1_156' title='bbox 1862 2876 2071 2958; x_wconf 91' lang='lat' dir='ltr'><strong>ipsum</strong></span> 
     </span>
     <span class='ocr_line' id='line_1_22' title="bbox 403 2983 2135 3069; baseline 0.002 -23"><span class='ocrx_word' id='word_1_157' title='bbox 403 2984 626 3062; x_wconf 88' lang='lat' dir='ltr'><strong>Mane,</strong></span> <span class='ocrx_word' id='word_1_158' title='bbox 659 2983 831 3047; x_wconf 90' lang='lat' dir='ltr'><strong>diem</strong></span> <span class='ocrx_word' id='word_1_159' title='bbox 858 2991 1073 3047; x_wconf 88' lang='lat' dir='ltr'><strong>totum</strong></span> <span class='ocrx_word' id='word_1_160' title='bbox 1105 2983 1435 3046; x_wconf 88' lang='lat' dir='ltr'><strong>stertebat.</strong></span> <span class='ocrx_word' id='word_1_161' title='bbox 1528 2984 1640 3047; x_wconf 91' lang='lat' dir='ltr'><strong>Nil</strong></span> <span class='ocrx_word' id='word_1_162' title='bbox 1672 2984 1797 3048; x_wconf 86' lang='lat' dir='ltr'><strong>fuit</strong></span> <span class='ocrx_word' id='word_1_163' title='bbox 1831 3007 2135 3069; x_wconf 88' lang='lat' dir='ltr'><strong>umquam</strong></span> 
     </span>
     <span class='ocr_line' id='line_1_23' title="bbox 407 3092 2263 3176; baseline 0.002 -21"><span class='ocrx_word' id='word_1_164' title='bbox 407 3093 514 3157; x_wconf 91' lang='lat' dir='ltr'><strong>Sic</strong></span> <span class='ocrx_word' id='word_1_165' title='bbox 542 3094 750 3176; x_wconf 87' lang='lat' dir='ltr'><strong>impar</strong></span> <span class='ocrx_word' id='word_1_166' title='bbox 778 3092 919 3157; x_wconf 88' lang='lat' dir='ltr'><strong>sibi.</strong></span> <span class='ocrx_word' id='word_1_167' title='bbox 1009 3093 1207 3156; x_wconf 91' lang='lat' dir='ltr'><strong>Nunc</strong></span> <span class='ocrx_word' id='word_1_168' title='bbox 1238 3092 1466 3175; x_wconf 86' lang='lat' dir='ltr'><strong>aliquis</strong></span> <span class='ocrx_word' id='word_1_169' title='bbox 1496 3093 1667 3157; x_wconf 88' lang='lat' dir='ltr'><strong>dicat</strong></span> <span class='ocrx_word' id='word_1_170' title='bbox 1695 3095 1856 3157; x_wconf 86' lang='lat' dir='ltr'><strong>mihi</strong></span> <span class='ocrx_word' id='word_1_171' title='bbox 1883 3121 1896 3158; x_wconf 77' lang='lat' dir='ltr'><strong><em>z</em></strong></span> <span class='ocrx_word' id='word_1_172' title='bbox 1948 3096 2119 3162; x_wconf 79' lang='lat' dir='ltr'><strong>Quid</strong></span> <span class='ocrx_word' id='word_1_173' title='bbox 2141 3106 2211 3158; x_wconf 89' lang='lat' dir='ltr'><strong>tu</strong></span> <span class='ocrx_word' id='word_1_174' title='bbox 2234 3099 2263 3159; x_wconf 71' lang='grc' dir='ltr'><em>Ρ</em></span> 
     </span>
     <span class='ocr_line' id='line_1_24' title="bbox 274 3201 2262 3269; baseline 0.002 -3"><span class='ocrx_word' id='word_1_175' title='bbox 274 3205 364 3266; x_wconf 84' lang='grc'><strong>20</strong></span> <span class='ocrx_word' id='word_1_176' title='bbox 406 3201 689 3267; x_wconf 87' lang='lat' dir='ltr'><strong>Nullane</strong></span> <span class='ocrx_word' id='word_1_177' title='bbox 717 3203 914 3266; x_wconf 89' lang='lat' dir='ltr'><strong>habes</strong></span> <span class='ocrx_word' id='word_1_178' title='bbox 942 3202 1149 3266; x_wconf 82' lang='lat' dir='ltr'><strong>vitia?</strong></span> <span class='ocrx_word' id='word_1_179' title='bbox 1217 3204 1433 3266; x_wconf 89' lang='lat' dir='ltr'><strong>Immo</strong></span> <span class='ocrx_word' id='word_1_180' title='bbox 1463 3203 1588 3266; x_wconf 86' lang='lat' dir='ltr'><strong>alia</strong></span> <span class='ocrx_word' id='word_1_181' title='bbox 1616 3212 1682 3266; x_wconf 89' lang='lat' dir='ltr'><strong>et</strong></span> <span class='ocrx_word' id='word_1_182' title='bbox 1709 3203 1975 3268; x_wconf 90' lang='lat' dir='ltr'><strong>fortasse</strong></span> <span class='ocrx_word' id='word_1_183' title='bbox 1997 3206 2262 3269; x_wconf 87' lang='lat' dir='ltr'><strong>minora.</strong></span> 
     </span>
     <span class='ocr_line' id='line_1_25' title="bbox 405 3312 2247 3397; baseline 0.001 -20"><span class='ocrx_word' id='word_1_184' title='bbox 405 3313 686 3377; x_wconf 82' lang='lat' dir='ltr'><strong>Maenius</strong></span> <span class='ocrx_word' id='word_1_185' title='bbox 715 3312 1048 3376; x_wconf 85' lang='lat' dir='ltr'><strong>absentem</strong></span> <span class='ocrx_word' id='word_1_186' title='bbox 1079 3313 1363 3376; x_wconf 83' lang='lat' dir='ltr'><strong>Novium</strong></span> <span class='ocrx_word' id='word_1_187' title='bbox 1395 3335 1543 3377; x_wconf 92' lang='lat' dir='ltr'><strong>cum</strong></span> <span class='ocrx_word' id='word_1_188' title='bbox 1575 3322 1895 3397; x_wconf 88' lang='lat' dir='ltr'><strong>carperet:</strong></span> <span class='ocrx_word' id='word_1_189' title='bbox 1947 3315 2130 3377; x_wconf 88' lang='lat' dir='ltr'><strong>Heus</strong></span> <span class='ocrx_word' id='word_1_190' title='bbox 2154 3324 2247 3392; x_wconf 86' lang='lat' dir='ltr'><strong>tu,</strong></span> 
     </span>
     <span class='ocr_line' id='line_1_26' title="bbox 410 3423 2219 3506; baseline -0.003 -15"><span class='ocrx_word' id='word_1_191' title='bbox 410 3424 692 3491; x_wconf 83' lang='lat' dir='ltr'><strong>Quidam</strong></span> <span class='ocrx_word' id='word_1_192' title='bbox 723 3423 833 3501; x_wconf 87' lang='lat' dir='ltr'><strong>ait,</strong></span> <span class='ocrx_word' id='word_1_193' title='bbox 865 3423 1123 3505; x_wconf 88' lang='lat' dir='ltr'><strong>ignoras</strong></span> <span class='ocrx_word' id='word_1_194' title='bbox 1154 3423 1270 3486; x_wconf 79' lang='lat' dir='ltr'><strong>te?</strong></span> <span class='ocrx_word' id='word_1_195' title='bbox 1318 3444 1400 3486; x_wconf 91' lang='lat' dir='ltr'><strong>an</strong></span> <span class='ocrx_word' id='word_1_196' title='bbox 1428 3430 1503 3486; x_wconf 89' lang='lat' dir='ltr'><strong>ut</strong></span> <span class='ocrx_word' id='word_1_197' title='bbox 1532 3424 1828 3506; x_wconf 91' lang='lat' dir='ltr'><strong>ignotum</strong></span> <span class='ocrx_word' id='word_1_198' title='bbox 1859 3423 2009 3487; x_wconf 85' lang='lat' dir='ltr'><strong>dare</strong></span> <span class='ocrx_word' id='word_1_199' title='bbox 2037 3425 2219 3488; x_wconf 91' lang='lat' dir='ltr'><strong>nobis</strong></span> 
     </span>
     <span class='ocr_line' id='line_1_27' title="bbox 405 3533 2265 3618; baseline 0 -20"><span class='ocrx_word' id='word_1_200' title='bbox 405 3534 622 3598; x_wconf 90' lang='lat' dir='ltr'><strong>Verba</strong></span> <span class='ocrx_word' id='word_1_201' title='bbox 649 3542 837 3618; x_wconf 89' lang='lat' dir='ltr'><strong>putas</strong></span> <span class='ocrx_word' id='word_1_202' title='bbox 857 3536 886 3596; x_wconf 69' lang='grc' dir='ltr'><strong>’ἓ</strong></span> <span class='ocrx_word' id='word_1_203' title='bbox 977 3535 1253 3616; x_wconf 85' lang='lat' dir='ltr'><strong>Egomet</strong></span> <span class='ocrx_word' id='word_1_204' title='bbox 1282 3533 1371 3596; x_wconf 90' lang='lat' dir='ltr'><strong>mi</strong></span> <span class='ocrx_word' id='word_1_205' title='bbox 1402 3533 1683 3618; x_wconf 90' lang='lat' dir='ltr'><strong>ignosco,</strong></span> <span class='ocrx_word' id='word_1_206' title='bbox 1715 3535 1997 3598; x_wconf 86' lang='lat' dir='ltr'><strong>Maenius</strong></span> <span class='ocrx_word' id='word_1_207' title='bbox 2035 3535 2265 3618; x_wconf 86' lang='lat' dir='ltr'><strong>inquit.</strong></span> 
     </span>
     <span class='ocr_line' id='line_1_28' title="bbox 412 3644 2237 3728; baseline 0.001 -19"><span class='ocrx_word' id='word_1_208' title='bbox 412 3646 667 3710; x_wconf 87' lang='lat' dir='ltr'><strong>Stultus</strong></span> <span class='ocrx_word' id='word_1_209' title='bbox 694 3652 761 3709; x_wconf 88' lang='lat' dir='ltr'><strong>et</strong></span> <span class='ocrx_word' id='word_1_210' title='bbox 790 3644 1119 3728; x_wconf 90' lang='lat' dir='ltr'><strong>improbus</strong></span> <span class='ocrx_word' id='word_1_211' title='bbox 1148 3644 1256 3707; x_wconf 89' lang='lat' dir='ltr'><strong>hic</strong></span> <span class='ocrx_word' id='word_1_212' title='bbox 1287 3665 1465 3708; x_wconf 89' lang='lat' dir='ltr'><strong>amor</strong></span> <span class='ocrx_word' id='word_1_213' title='bbox 1494 3653 1592 3708; x_wconf 91' lang='lat' dir='ltr'><strong>est</strong></span> <span class='ocrx_word' id='word_1_214' title='bbox 1623 3645 1979 3728; x_wconf 89' lang='lat' dir='ltr'><strong>dignusque</strong></span> <span class='ocrx_word' id='word_1_215' title='bbox 2007 3648 2237 3710; x_wconf 89' lang='lat' dir='ltr'><strong>notari.</strong></span> 
     </span>
     <span class='ocr_line' id='line_1_29' title="bbox 275 3760 2645 3844; baseline -0.002 -15"><span class='ocrx_word' id='word_1_216' title='bbox 275 3767 362 3829; x_wconf 84' lang='lat'><strong>25</strong></span> <span class='ocrx_word' id='word_1_217' title='bbox 410 3763 577 3828; x_wconf 89' lang='lat' dir='ltr'><strong>Cum</strong></span> <span class='ocrx_word' id='word_1_218' title='bbox 608 3771 721 3826; x_wconf 86' lang='lat' dir='ltr'><strong>tua</strong></span> <span class='ocrx_word' id='word_1_219' title='bbox 748 3761 1071 3844; x_wconf 85' lang='lat' dir='ltr'><strong>pervideas</strong></span> <span class='ocrx_word' id='word_1_220' title='bbox 1100 3761 1300 3824; x_wconf 90' lang='lat' dir='ltr'><strong>oculis</strong></span> <span class='ocrx_word' id='word_1_221' title='bbox 1330 3761 1498 3823; x_wconf 89' lang='lat' dir='ltr'><strong>mala</strong></span> <span class='ocrx_word' id='word_1_222' title='bbox 1526 3762 1734 3844; x_wconf 87' lang='lat' dir='ltr'><strong>lippus</strong></span> <span class='ocrx_word' id='word_1_223' title='bbox 1764 3760 2067 3840; x_wconf 78' lang='lat' dir='ltr'><strong>inunctis,</strong></span> <span class='ocrx_word' id='word_1_224' title='bbox 2301 3786 2377 3836; x_wconf 73' lang='lat' dir='ltr'><strong>up.</strong></span> <span class='ocrx_word' id='word_1_225' title='bbox 2400 3785 2442 3825; x_wconf 74' lang='lat' dir='ltr'><strong>s,</strong></span> <span class='ocrx_word' id='word_1_226' title='bbox 2463 3785 2500 3825; x_wconf 90' lang='lat'><strong>1.</strong></span> <span class='ocrx_word' id='word_1_227' title='bbox 2521 3784 2558 3824; x_wconf 72' lang='grc' dir='ltr'><strong>ε.</strong></span> <span class='ocrx_word' id='word_1_228' title='bbox 2578 3782 2645 3825; x_wconf 74' lang='lat' dir='ltr'><strong>so.</strong></span> 
     </span>
     <span class='ocr_line' id='line_1_30' title="bbox 409 3855 1939 3951; baseline -0.001 -15"><span class='ocrx_word' id='word_1_229' title='bbox 409 3875 545 3937; x_wconf 88' lang='lat' dir='ltr'><strong>Cur</strong></span> <span class='ocrx_word' id='word_1_230' title='bbox 571 3873 641 3936; x_wconf 88' lang='lat' dir='ltr'><strong>in</strong></span> <span class='ocrx_word' id='word_1_231' title='bbox 672 3872 1018 3936; x_wconf 86' lang='lat' dir='ltr'><strong>amicorum</strong></span> <span class='ocrx_word' id='word_1_232' title='bbox 1048 3872 1220 3934; x_wconf 84' lang='lat' dir='ltr'><strong>vitiis</strong></span> <span class='ocrx_word' id='word_1_233' title='bbox 1251 3878 1387 3934; x_wconf 83' lang='lat' dir='ltr'><strong>tam</strong></span> <span class='ocrx_word' id='word_1_234' title='bbox 1418 3871 1627 3934; x_wconf 86' lang='lat' dir='ltr'><strong>cernis</strong></span> <span class='ocrx_word' id='word_1_235' title='bbox 1657 3855 1939 3951; x_wconf 85' lang='lat' dir='ltr'><strong>acutum,</strong></span> 
     </span>
     <span class='ocr_line' id='line_1_31' title="bbox 412 3981 2245 4066; baseline -0.001 -17"><span class='ocrx_word' id='word_1_236' title='bbox 412 3984 629 4051; x_wconf 79' lang='lat' dir='ltr'><strong>Quam</strong></span> <span class='ocrx_word' id='word_1_237' title='bbox 661 3989 774 4045; x_wconf 87' lang='lat' dir='ltr'><strong>aut</strong></span> <span class='ocrx_word' id='word_1_238' title='bbox 803 3982 1017 4064; x_wconf 88' lang='lat' dir='ltr'><strong>aquila</strong></span> <span class='ocrx_word' id='word_1_239' title='bbox 1045 3989 1156 4044; x_wconf 90' lang='lat' dir='ltr'><strong>aut</strong></span> <span class='ocrx_word' id='word_1_240' title='bbox 1186 4002 1443 4066; x_wconf 89' lang='lat' dir='ltr'><strong>serpens</strong></span> <span class='ocrx_word' id='word_1_241' title='bbox 1472 3981 1857 4066; x_wconf 89' lang='lat' dir='ltr'><strong>Epidaurius</strong></span> <span class='ocrx_word' id='word_1_242' title='bbox 1880 3984 1910 4046; x_wconf 90' lang='lat'><strong>?</strong></span> <span class='ocrx_word' id='word_1_243' title='bbox 1999 3985 2093 4047; x_wconf 91' lang='lat' dir='ltr'><strong>At</strong></span> <span class='ocrx_word' id='word_1_244' title='bbox 2122 3984 2245 4047; x_wconf 88' lang='lat' dir='ltr'><strong>tibi</strong></span> 
     </span>
     <span class='ocr_line' id='line_1_32' title="bbox 628 4099 850 4156; baseline -0.005 0"><span class='ocrx_word' id='word_1_245' title='bbox 628 4099 850 4156; x_wconf 86' lang='lat' dir='ltr'><strong>contra</strong></span> 
     </span>
    </p>
   </div>
   <div class='ocr_carea' id='block_1_5' title="bbox 282 4255 2270 4317">
    <p class='ocr_par' dir='ltr' id='par_1_5' title="bbox 282 4255 2270 4317">
     <span class='ocr_line' id='line_1_33' title="bbox 282 4255 2270 4317; baseline -0.001 -8"><span class='ocrx_word' id='word_1_246' title='bbox 282 4261 329 4309; x_wconf 91' lang='lat'><strong>1.</strong></span> <span class='ocrx_word' id='word_1_247' title='bbox 358 4258 382 4310; x_wconf 65' lang='grc' dir='ltr'><strong>ἒ</strong></span> <span class='ocrx_word' id='word_1_248' title='bbox 406 4259 643 4308; x_wconf 84' lang='lat' dir='ltr'><strong>vitiumst</strong></span> <span class='ocrx_word' id='word_1_249' title='bbox 664 4278 677 4317; x_wconf 68' lang='grc' dir='ltr'><strong>ς</strong></span> <span class='ocrx_word' id='word_1_250' title='bbox 702 4261 786 4306; x_wconf 85' lang='lat' dir='ltr'><strong>est</strong></span> <span class='ocrx_word' id='word_1_251' title='bbox 809 4274 902 4307; x_wconf 84' lang='lat' dir='ltr'><strong>om.</strong></span> <span class='ocrx_word' id='word_1_252' title='bbox 927 4258 997 4305; x_wconf 82' lang='lat' dir='ltr'><strong>al.</strong></span> <span class='ocrx_word' id='word_1_253' title='bbox 1086 4255 1132 4305; x_wconf 84' lang='lat'><strong>7.</strong></span> <span class='ocrx_word' id='word_1_254' title='bbox 1168 4257 1227 4306; x_wconf 94' lang='lat' dir='ltr'><strong>Io</strong></span> <span class='ocrx_word' id='word_1_255' title='bbox 1251 4257 1482 4308; x_wconf 71' lang='lat' dir='ltr'><strong>Bacchae.</strong></span> <span class='ocrx_word' id='word_1_256' title='bbox 1590 4260 1668 4309; x_wconf 85' lang='lat'><strong>15.</strong></span> <span class='ocrx_word' id='word_1_257' title='bbox 1693 4259 1834 4308; x_wconf 78' lang='lat' dir='ltr'><strong>docio</strong></span> <span class='ocrx_word' id='word_1_258' title='bbox 1874 4275 1917 4308; x_wconf 85' lang='lat' dir='ltr'><strong>s.</strong></span> <span class='ocrx_word' id='word_1_259' title='bbox 2016 4259 2096 4308; x_wconf 80' lang='lat'><strong>25.</strong></span> <span class='ocrx_word' id='word_1_260' title='bbox 2121 4261 2270 4309; x_wconf 82' lang='lat' dir='ltr'><strong>malo.</strong></span> 
     </span>
    </p>
   </div>
  </div>
 </body>
</html>
