3025 4776
880 306 1450 364 EPISTOLARUM
1523 308 1678 364 LIB.
1740 308 1794 365 I.
1855 308 1952 365 xii.
2517 314 2627 369 215

335 469 696 554 Adspersus
726 469 896 534 volet
924 469 995 532 in
1025 491 1314 554 caupona
1342 470 1552 535 vivere
1574 496 1595 549 3
1642 493 1782 550 nec,
1817 473 1929 556 qui

334 581 565 664 Frigus
595 580 871 662 collegit,
903 579 1124 650 furnos
1155 589 1220 645 et
1249 580 1477 645 balnea
1503 582 1726 646 laudat

336 694 433 757 Ut
462 692 857 755 fortunatam
885 692 1072 775 plene
1105 692 1473 774 praestantia
1498 695 1721 757 vitam.

202 804 286 865 15
335 801 497 879 Nec,
531 801 584 864 si
614 809 679 864 te
707 800 954 864 validus
974 801 1314 884 jactaverit
1343 804 1585 865 Auster
1613 804 1684 865 in
1714 803 1884 883 alto,'
2231 822 2578 864 Aue.S.1.1.6.

336 914 587 978 Idcirco
616 935 845 978 navem
873 921 1052 977 trans
1082 914 1382 997 AEgaeum
1414 935 1589 978 mare
1618 915 1874 980 vendas,

336 1025 660 1090 Incolumi
692 1025 955 1089 Rhodos
985 1033 1051 1089 et
1080 1025 1397 1108 Mytilene
1425 1026 1692 1108 pulchra
1719 1026 1894 1104 facit,
1927 1028 2102 1111 quod
2234 1038 2544 1087 ¹⁷-c.1-⁷-¹·

336 1137 604 1201 Paenula
631 1136 925 1213 solstitio,
958 1142 1309 1218 campestre
1338 1134 1656 1198 nivalibus
1686 1136 1878 1214 auris,

338 1250 463 1312 Per
492 1248 789 1312 brumam
819 1245 1084 1318 Tiberis,
1122 1245 1352 1309 Sextili
1383 1265 1601 1309 mense
1631 1246 1940 1310 caminus.

203 1360 293 1422 20
339 1358 516 1420 Dum
544 1357 696 1420 licet
725 1377 799 1419 ac
828 1356 1072 1419 voltum
1101 1362 1309 1418 servat
1340 1355 1628 1417 Fortuna
1654 1355 2029 1438 benignum,

341 1470 563 1533 Romae
593 1468 893 1531 laudetur
923 1468 1150 1530 Samos
1179 1473 1246 1529 et
1276 1465 1472 1530 Chios
1502 1473 1569 1529 et
1602 1466 1862 1530 Rhodos
1891 1469 2136 1532 absens,

337 1581 459 1657 Tu,
493 1598 963 1661 quamcumque
992 1575 1149 1639 deus
1181 1575 1298 1639 tibi
1328 1575 1751 1640 fortunaverit
1778 1576 2027 1656 horam,

341 1691 544 1754 Grata
572 1708 753 1751 sume
781 1707 1002 1765 manu,
1035 1708 1163 1750 neu
1190 1686 1403 1749 dulcia
1431 1686 1615 1749 differ
1642 1686 1712 1749 in
1742 1708 2006 1766 annum,
2232 1698 2295 1736 ²³·
2318 1685 2364 1725 ⁰·
2384 1689 2480 1775 3:533
2500 1686 2577 1776 {⁷3}

341 1802 458 1879 Ut,
494 1819 895 1883 quocumque
924 1798 1065 1862 loco
1094 1797 1310 1876 fueris,
1336 1797 1564 1860 vixisse
1586 1798 1862 1862 libenter
2319 1786 2361 1827 ⁸·
2381 1789 2418 1828 ²·
2438 1791 2475 1826 ⁶·
2496 1788 2560 1827 ⁹⁶·

205 1914 291 1975 25
338 1912 429 1973 're
459 1910 670 1987 dicas3
717 1930 869 1972 nam
900 1908 952 1971 si
982 1908 1147 1972 ratio
1177 1915 1243 1971 et
1271 1908 1612 1991 prudentia
1641 1929 1827 1971 curas

339 2021 490 2083 Non
520 2019 699 2082 locus
728 1999 912 2082 effu'si
941 2018 1069 2081 late
1099 2018 1292 2081 maris
1322 2017 1562 2082 arbiter
1592 2018 1819 2096 aufert,

340 2131 584 2194 Caelum
614 2151 747 2194 non
777 2129 1064 2193 animum
1083 2136 1364 2208 mutant,
1389 2129 1497 2213 qui
1521 2138 1698 2193 trans
1720 2151 1896 2195 mare
1915 2139 2202 2195 currunt.

343 2243 622 2304 Strenua
651 2263 770 2304 nos
800 2248 1050 2304 exercet
1079 2239 1351 2319 inertia3
1396 2240 1669 2304 navibus
1700 2249 1894 2325 atque
1943 2238 1948 2243 ’

342 2352 686 2436 Quadi-igis
714 2351 991 2435 petimus
1021 2352 1181 2417 bene
1212 2352 1437 2418 vivere.
1530 2353 1723 2421 Quod
1751 2352 1935 2438 petis,
1958 2353 2065 2420 hic
2087 2362 2206 2434 est,

205 2469 296 2530 30
342 2466 461 2528 Est
493 2463 782 2544 Ulubris,
817 2464 1069 2528 animus
1098 2465 1154 2527 si
1184 2472 1251 2529 te
1278 2486 1409 2528 non
1441 2465 1655 2529 deficit
1685 2486 1923 2549 aequus.

1121 2873 1286 2938 XII.

346 3025 726 3088 Fauorinus
758 3022 1061 3107 Agrippae
1094 3022 1349 3100 Siculis,
1383 3043 1545 3105 quos
1578 3024 1842 3108 colligis,
1875 3026 2035 3106 Ioci,

346 3136 417 3199 Si
444 3143 615 3199 recte
644 3134 891 3212 frueris,
924 3155 1055 3197 non
1084 3141 1204 3211 est,
1235 3140 1312 3196 ut
1342 3134 1524 3217 eopia
1552 3135 1758 3218 major
2239 3168 2275 3197 2.
2297 3156 2344 3195 e.
2364 3158 2402 3195 3.
2425 3156 2485 3195 ιο.
2505 3156 2569 3196 25.

343 3246 450 3310 Ab
481 3248 640 3310 Jove
670 3245 891 3308 donari
920 3245 1119 3327 possit
1148 3244 1291 3307 tibi.
1384 3244 1563 3307 Tolle
1595 3247 1904 3327 querellas
1925 3274 1946 3325 3
2049 3297 2086 3326 0
2236 3272 2335 3314 Jov.
2357 3271 2404 3311 c.
2426 3272 2463 3312 1.
2483 3273 2547 3312 ss.
2568 3274 2631 3313 zs.

348 3358 597 3439 Pauper
625 3357 798 3419 enim
828 3376 959 3418 non
989 3362 1107 3433 est,
1141 3355 1244 3418 cui
1275 3376 1491 3419 rerum
1524 3356 1806 3439 suppetit
1833 3379 2006 3421 usus.
2235 3400 2331 3429 usu.
2353 3388 2599 3429 c,2‚11,4,

256 3471 295 3531 5
345 3468 416 3530 Si
444 3467 651 3530 ventri
682 3465 862 3542 bene,
896 3464 950 3527 si
978 3465 1165 3527 lateri
1196 3473 1293 3528 est
1323 3465 1714 3549 pedibusque
1743 3467 1895 3546 tuis,
1927 3468 2020 3531 nil

343 3577 602 3640 Divitiae
633 3583 934 3660 poterunt
963 3576 1207 3659 regales
1235 3577 1463 3640 addere
1494 3578 1723 3660 majus.

344 3692 417 3755 Si
445 3691 609 3755 forte
639 3692 710 3755 in
739 3691 950 3755 medio
982 3692 1338 3774 positorum
1369 3694 1720 3757 abstemius
1751 3694 1966 3759 herbis

341 3803 526 3867 Vivis
555 3810 621 3866 et
649 3803 879 3881 urtica,
913 3803 1002 3866 sic
1032 3804 1202 3867 vives
1232 3804 1543 3887 protinus,
1578 3813 1651 3866 ut
1682 3813 1746 3868 te
2445 3879 2450 3887 1

341 3913 698 3976 Confestim
727 3913 1006 3996 liquidus
1036 3915 1338 3979 Fortuuae
1367 3915 1540 3979 rivus
1569 3915 1840 3994 inauret,
2237 3943 2276 3981 9·
2298 3931 2542 3980 E1›·¹5-2⁰·

213 4027 300 4088 10
345 4024 471 4088 Vel
501 4023 650 4106 quia
678 4031 976 4087 naturam
1006 4032 1258 4088 mutare
1288 4025 1558 4109 pecunia
1587 4027 1813 4105 nescit,

344 4134 469 4197 Vel
501 4133 652 4216 quia
681 4142 914 4197 cuncta
941 4143 1130 4217 putas
1161 4155 1290 4197 una
1321 4134 1555 4198 virtute
1587 4135 1853 4202 minora.

784 4312 865 4359 20.
904 4312 1121 4358 vultum.
1295 4310 1342 4359 5.
1381 4310 1648 4359 Platorist.
