3025 4776
276 961 344 1002 m.
366 960 416 1003 Ο.
434 961 473 1002 2.
494 960 531 1001 1.
552 961 615 1002 18.

277 1121 331 1152 m.
353 1109 397 1153 d.
418 1109 498 1162 Bp.
520 1111 580 1151 16.
600 1112 639 1150 8.

277 1639 376 1682 hed.
397 1640 448 1681 B.
472 1642 508 1683 1.
527 1644 566 1683 8.
585 1642 650 1682 26.

277 1726 389 1756 nem.
410 1716 461 1756 E.
481 1717 519 1757 2.
539 1718 576 1756 2.
593 1715 658 1757 77.

273 1779 340 1817 30.
360 1765 410 1805 B.
432 1767 467 1807 1.
490 1768 551 1806 19.
570 1768 608 1808 4.

346 1815 394 1857 Ο.
413 1818 452 1858 2.
472 1817 534 1857 19.
554 1818 593 1858 ³.

278 2344 342 2387 35.
362 2334 411 2377 ο.
430 2336 469 2376 4.
488 2334 526 2376 a.
547 2334 608 2376 ιε.

285 3426 381 3468 urb.
400 3425 500 3468 0.1.
519 3426 582 3468 ³³.
603 3425 665 3466 10.

285 3824 415 3866 Prot.
435 3823 487 3866 B.
508 3824 599 3865 1.1.
619 3825 682 3865 ⁰0.

711 4317 792 4366 27.
831 4318 1054 4366 ?visast.
1125 4316 1207 4365 35.
1241 4315 1440 4364 inseris.

1108 339 1174 414 ρ.
1216 341 1536 400 Ηοιεᾼφι
1564 341 1854 400 FLAccz

869 510 989 574 Est
1019 510 1129 595 qui
1157 531 1279 575 nec
1306 510 1540 575 veteris
1569 511 1797 595 pocula
1824 511 2110 591 Massici,

871 624 1016 688 Nec
1045 630 1294 706 partem
1323 621 1526 687 solido
1556 622 1810 687 demere
1840 621 1920 686 de
1948 609 2051 686 die

877 734 1159 819 Spernit,
1189 753 1364 796 nunc
1391 732 1581 796 viridi
1609 732 1899 796 membra
1926 733 2047 797 sub
2078 732 2309 798 arbuto

875 845 1153 923 Stratus,
1184 864 1360 907 nunc
1389 843 1471 907 ad
1499 864 1684 926 aquae
1711 844 1860 907 lene
1885 852 2079 928 caput
2107 866 2322 910 sacrae.

873 956 1126 1019 Multos
1155 961 1365 1018 castra
1385 954 1642 1037 juvant,
1675 960 1741 1017 et
1770 953 1934 1018 lituo
1963 953 2139 1018 tubae

874 1064 1239 1128 Pel-mixtus
1268 1063 1534 1142 sonitus,
1568 1063 1860 1147 bellaque
1888 1063 2202 1128 matribus

872 1175 1229 1239 Detestata.
1317 1173 1549 1237 Manet
1577 1173 1698 1237 sub
1729 1174 1889 1237 Jove
1917 1173 2152 1257 frigido

872 1286 1183 1362 Venator,
1214 1291 1452 1347 tenerae
1480 1283 1773 1367 conjugis
1800 1284 2162 1363 immemor,

876 1394 1011 1458 Seu
1039 1394 1176 1456 visa
1204 1401 1304 1457 est
1331 1393 1562 1456 catulis
1591 1414 1776 1457 cerva
1804 1393 2123 1472 fidelibus,

878 1506 1009 1569 Seu
1036 1503 1213 1587 rupit
1240 1510 1475 1568 teretes
1503 1503 1767 1568 Marsus
1797 1526 1949 1588 aper
1976 1505 2216 1589 plagas.

874 1615 992 1678 Me
1022 1613 1356 1678 doctarum
1386 1613 1638 1677 bederae
1667 1615 1929 1697 praemia
1957 1614 2270 1679 frontium

875 1724 997 1787 Dis
1027 1724 1301 1787 miscent
1331 1722 1617 1807 superis:
1664 1746 1768 1789 me
1799 1725 2082 1809 gelidum
2110 1746 2339 1790 nemus

876 1832 1460 1918 Nympharumque
1488 1833 1659 1899 leves
1689 1854 1838 1898 cum
1869 1834 2119 1919 Satyris
2149 1834 2328 1900 chori

879 1946 1241 2009 Secernunt
1269 1943 1528 2027 popu10,
1560 1943 1615 2006 si
1644 1964 1855 2026 neque
1883 1944 2076 2009 tibias

874 2055 1159 2138 Euterpe
1188 2052 1469 2132 cohibet,
1499 2073 1620 2117 nec
1665 2052 2099 2138 Polyhymnia

876 2163 1203 2229 Lesboum
1231 2163 1470 2248 refugit
1498 2163 1764 2228 tendere
1794 2164 2115 2228 barbiton.

879 2323 1073 2392 Quod
1101 2322 1156 2387 si
1184 2344 1291 2388 me
1317 2322 1534 2409 lyricis
1560 2322 1812 2387 vatibus
1839 2322 2098 2403 insereS,

883 2434 1160 2500 Sublimi
1188 2434 1415 2500 feriam
1444 2435 1654 2500 sidera
1679 2434 1936 2500 vertice.

1578 2895 1679 2960 ΙΙ.

882 3058 923 3120 J
925 3076 1021 3119 ΑΜ
1055 3055 1211 3119 satis
1239 3055 1427 3119 terris
1457 3054 1622 3119 nivis
1651 3068 1846 3138 atque
1875 3055 2031 3120 dirae

884 3166 1233 3232 Grandinis
1262 3166 1438 3229 misit
1468 3160 1684 3245 Pater,
1714 3173 1782 3230 et
1809 3167 2082 3232 rubente

881 3276 1165 3340 Dextera
1193 3297 1403 3339 sacras
1425 3276 1750 3358 jaculatus
1780 3297 1979 3355 arces,

1229 3385 1489 3449 Terruit
1520 3384 1745 3448 urbem
1775 3411 1796 3464 3

881 3544 1138 3608 Terruit
1168 3543 1378 3626 gentis
1408 3564 1598 3625 grave
1628 3564 1709 3606 ne
1736 3543 1976 3607 rediret

887 3654 1208 3718 Saeculum
1238 3652 1525 3737 Pyrrhae,
1556 3674 1722 3716 nova
1748 3661 2037 3718 monstra
2068 3663 2327 3737 questae,

883 3765 1095 3831 Omne
1126 3785 1326 3847 quum
1357 3764 1632 3827 Proteus
1661 3784 1856 3847 pecus
1884 3764 2020 3849 egit
2050 3765 2213 3830 altos

1228 3873 1457 3937 Visere
1488 3874 1746 3952 montis,

882 4034 1170 4100 Piscium
1200 4039 1265 4097 et
1296 4053 1551 4095 summa
1579 4054 1782 4116 genus
1812 4033 1999 4099 haesit
2027 4035 2226 4116 ulmo,

883 4145 1064 4209 Nota
1092 4165 1233 4227 quae
1265 4142 1445 4207 sedes
1474 4141 1684 4206 fuerat
1713 4143 2027 4208 columbis

2612 629 2699 689 20

2615 1178 2697 1238 25

2505 1700 2702 1791 '30

2618 2328 2701 2388 35

2631 4150 2716 4211 10

1601 4316 1645 4362 5.
1681 4318 1879 4375 gentes.
1951 4316 1996 4362 8.
2035 4319 2253 4364 montes.
2325 4318 2404 4365 10.
2440 4319 2716 4378 palumbis.
