3025 4776
383 266 498 323 100

379 689 452 732 lio.
473 689 523 733 Ο.
540 691 580 734 4.
599 694 638 735 8.
657 692 721 733 u.

375 1027 462 1059 rec.
484 1016 526 1059 Β.
545 1019 584 1060 ².
604 1019 643 1060 8.
663 1019 752 1061 201.

360 2114 425 2157 ⁴5·
447 2106 496 2148 C.
516 2108 555 2149 2.
574 2108 613 2150 2.
634 2109 699 2151 18.

355 2594 421 2632 ⁴9·
443 2581 490 2623 e.
511 2585 549 2624 ε.
569 2584 607 2624 z.
629 2583 669 2624 1.

435 2634 477 2674 s,
497 2636 535 2674 2.
564 2634 602 2674 7.
621 2636 686 2675 84.

354 2716 417 2760 so.
438 2710 486 2752 C.
506 2713 546 2752 3.
564 2713 629 2754 24.
647 2712 712 2753 24.

357 2917 420 2960 3².
442 2908 491 2951 C.
511 2911 549 2951 3.
571 2909 633 2952 19.
652 2911 691 2952 2.

344 3833 427 3875 Me.
446 3832 495 3876 0.
514 3833 553 3875 2.
571 3833 610 3875 9.
630 3832 670 3875 1.

345 4067 381 4109 7.
404 4058 455 4101 Ε.
476 4059 513 4102 1.
534 4061 629 4102 1.4.

1237 270 1305 344 Q.
1348 272 1668 331 HORATI
1689 269 1990 336 ‘FLAOOI

1154 434 1413 500 Chattis
1443 436 1815 503 inornatum
1845 441 2063 521 silebo,

1237 547 1439 612 Totve
1467 554 1616 613 tuos
1642 550 1852 634 patiar
1878 551 2131 619 labores

1062 679 1358 764 Impune,
1390 682 1584 762 Lolli,
1616 686 2123 769 carpere‘lividas

1061 790 1451 857 Obliviones.
1541 795 1662 858 Est
1692 796 1944 861 animus
1980 799 2105 862 tibi

1124 899 1522 986 ‘Rerumque
1549 905 1854 988 prudens,
1883 914 1950 972 et
1979 910 2275 975 secundis
2706 916 2796 979 35

1231 1011 1652 1096 Temporibus
1681 1013 2016 1102 dubiisque
2044 1027 2299 1087 rectus:

1056 1144 1313 1211 Vindex
1342 1169 1547 1214 avarae
1574 1149 1836 1233 fraudis,
1868 1161 1935 1219 et
1965 1155 2292 1221 abstinens

1056 1255 1372 1322 Ducentis
1401 1258 1484 1322 ad
1511 1281 1579 1325 se
1609 1270 1842 1327 cuncta
1867 1266 2159 1348 pecuniae
2185 1293 2200 1332 ε

1142 1367 1511 1454 Consulque
1541 1391 1674 1436 non
1702 1372 1896 1437 unius
1925 1376 2102 1455 anni,

1230 1477 1360 1541 Sed
1390 1480 1641 1562 quoties
1669 1480 1877 1546 bonus
1907 1492 2100 1568 atque
2130 1485 2295 1555 fidus
2708 1491 2796 1552 40

1054 1610 1099 1673 J
1101 1608 1268 1673 udex
1295 1610 1639 1677 honestum
1670 1616 1956 1699 praetnlit
1983 1618 2152 1697 utili,

1056 1719 1307 1803 Rejecit
1335 1721 1466 1785 alto
1495 1721 1666 1787 dona
1692 1726 2067 1789 nocentium

1137 1830 1369 1909 Vultu,
1398 1852 1516 1915 per
1542 1831 1871 1898 obstantes
1902 1841 2188 1900 catervas

1223 1943 1550 2027 Explicuit
1579 1967 1696 2010 sua
1722 1946 1928 2011 victor
1955 1968 2154 2013 arma.

1049 2081 1207 2146 Non
1235 2081 1666 2166 possidentem
1697 2084 1905 2151 multa
1941 2089 2262 2153 vocaveris
2703 2098 2788 2158 45

1051 2191 1251 2256 Recte
1279 2191 1585 2259 beatum:
1630 2195 1869 2260 rectius
1912 2207 2182 2283 occupat
2661 2191 2670 2199 ’

1131 2302 1392 2367 Nomen
1421 2302 1616 2385 beati,
1651 2305 1763 2390 qui
1791 2305 2059 2372 deorum

1222 2417 1610 2484 Muneribus
1639 2421 1962 2505 sapienter
1987 2422 2108 2502 uti,

1044 2551 1421 2636 Duramque
1451 2554 1644 2619 callet
1668 2557 2037 2640 pauperiem
2065 2559 2222 2642 pati,

1053 2659 1377 2743 Pejusque
1405 2662 1537 2727 leto
1567 2662 1884 2746 flagitium
1913 2665 2140 2745 timet,
2701 2672 2788 2734 50

1131 2771 1290 2836 Non
1320 2773 1429 2837 ille
1459 2795 1578 2857 pro
1606 2777 1768 2838 caris
1798 2777 2020 2840 amicis

1217 2884 1356 2947 Aut
1383 2885 1596 2968 patria
1622 2885 1892 2950 timidus
1921 2886 2146 2971 perire.

1737 3206 1821 3270 X.

866 3330 925 3393 Ο
960 3346 1289 3389 cnunnms
1321 3325 1548 3404 adhuc,
1581 3332 1648 3389 et
1677 3325 1950 3390 Veneris
1979 3327 2356 3394 muneribus
2384 3337 2634 3432 potens,

864 3438 1208 3520 Insperata
1238 3445 1370 3501 tuae
1401 3458 1553 3501 cum
1580 3437 1792 3502 veniet
1820 3438 2043 3522 pluma
2070 3440 2407 3523 superbiae,

861 3549 951 3611 Et
982 3569 1125 3631 quse
1154 3569 1327 3611 nunc
1356 3549 1596 3612 umeris
1623 3550 1987 3630 involitant,
2020 3550 2374 3616 deciderint
2404 3573 2627 3631 comae,

818 3729 825 3744 .
864 3658 1066 3721 Nunc
1096 3665 1162 3721 et
1193 3658 1304 3741 qui
1333 3660 1506 3722 color
1535 3666 1636 3723 est
1662 3661 1967 3745 puniceae.
1989 3661 2144 3726 flore
2173 3661 2349 3746 prior
2378 3682 2559 3740 rosae,

862 3769 1162 3833 Mutatus
1192 3768 1579 3851 Ligurinum
1607 3770 1679 3833 in
1705 3771 1936 3835 faciem
1963 3771 2227 3835 verterit
2256 3769 2576 3855 hispidam
2602 3795 2618 3836 ε
2735 3775 2774 3836 5

859 3878 1073 3957 Dices,
1110 3877 1263 3941 Heu
1290 3878 1304 3941 Ξ
1357 3878 1654 3962 quotiens
1682 3885 1752 3943 te
1781 3881 2037 3964 speculo
2066 3879 2296 3945 videris
2326 3880 2623 3960 alterum,

860 3991 1026 4057 Quae
1053 4009 1237 4052 mens
1265 3994 1364 4052 est
1395 3988 1604 4068 hodie,
1638 4009 1753 4053 cur
1782 3989 2004 4054 eadem
2032 4011 2166 4054 non
2194 4011 2393 4075 puero
2421 3989 2547 4054 fuit
2569 3991 2600 4055 Ρ

855 4099 981 4163 Vel
1011 4120 1125 4163 cur
1145 4100 1249 4163 his
1279 4099 1510 4164 animis
1540 4100 1893 4164 incolumes
1924 4120 2058 4165 non
2085 4100 2359 4164 redeunt
2389 4100 2626 4185 genae?

797 4262 800 4265 -
902 4236 982 4284 31.
1019 4235 1174 4284 sileri.
1310 4237 1393 4294 41,
1418 4237 1498 4287 43.
1522 4235 1643 4284 utin
1665 4237 1914 4285 et......0t
1937 4250 2048 4297 por.
2248 4221 2570 4282 &humeris

905 4302 952 4352 5.
977 4301 1240 4364 Ligurine,
1266 4303 1405 4352 Bent.
1434 4319 1479 4354 κ.
1615 4303 1663 4350 8.
1700 4301 1990 4362 incolumis,
2015 4302 2073 4351 B.
2211 4300 2260 4349 6.
2295 4300 2351 4349 in
2373 4301 2600 4364 speculo.
