3025 4776
301 324 412 377 242

303 1415 367 1452 94.
388 1401 438 1443 1¹2.
459 1402 498 1443 2.
520 1401 557 1443 1.
576 1401 667 1443 210.

304 1848 404 1887 lum.
427 1846 471 1888 Β.
491 1848 529 1888 2.
550 1847 589 1889 7.
608 1848 672 1888 33.

301 2371 390 2443 sus]
413 2393 463 2435 R.
484 2394 521 2434 1.
544 2394 605 2434 ιο.
625 2392 689 2434 8⁷.

305 3952 351 3992 C.
378 3952 426 3993 C.
448 3951 498 3993 A.
523 3950 701 3992 mom.

305 4175 398 4203 cem.
421 4162 472 4203 A.
495 4162 539 4202 1¹.
560 4161 622 4201 71.

1139 321 1205 395 ρ.
1263 323 1582 381 HORATJ
1628 322 1918 380 nacor

729 484 945 549 Verba
972 486 1129 570 lyrae
1156 493 1415 550 motura
1444 507 1673 551 sonum
1703 493 2037 551 conectere
2066 485 2291 570 digner
2306 489 2337 551 ’Β

728 598 953 660 Frater
980 603 1118 660 erat
1148 597 1373 661 Romae
1403 597 1681 661 consulti
1711 597 1949 675 rhetor,
1981 604 2058 660 ut
2088 598 2251 662 alter

727 706 1012 770 Alterius
1041 727 1331 771 sermone
1362 728 1569 772 meros
1600 707 1849 772 audiret
1879 696 2190 787 honores,
2269 782 2276 789 ,

731 815 1061 880 Gracchus
1086 823 1164 880 ut
1192 816 1300 880 hic
1328 817 1445 895 illi,
1475 817 1643 881 foret
1673 818 1824 881 huic
1852 826 1928 881 ut
1959 818 2221 882 Mucius
2247 818 2375 883 ille.

729 926 861 992 Qui
892 926 1108 990 minus
1137 935 1397 1010 argutos
1426 934 1615 992 vexat
1643 928 1822 992 furor
1839 928 1973 993 'iste
2000 929 2276 1012 poetas?
2639 935 2728 995 90

728 1037 1031 1102 Carmina
1059 1059 1394 1121 compono,
1424 1038 1531 1102 hic
1561 1039 1794 1121 elegos.
1886 1044 1927 1075 ‘⁸
1954 1039 2255 1103 Mirabile
2283 1039 2423 1102 visu

729 1149 1169 1232 Caelatumque
1199 1170 1430 1213 novem
1459 1149 1668 1212 Musis
1698 1170 1858 1233 opus
1885 1149 1951 1213 !”
2042 1149 2317 1233 Adspice
2354 1150 2656 1234 primum,

735 1262 999 1328 Quanto
1028 1281 1177 1324 cum
1204 1260 1375 1324 fastu
1405 1267 1649 1343 quanto
1679 1261 2011 1325 molimine
2041 1261 2314 1324 circum-

731 1376 1103 1456 Spectemus
1130 1394 1394 1437 vacuam
1428 1373 1739 1437 Romanis
1767 1374 2017 1438 vatibus
2045 1373 2247 1437 aedem
2270 1398 2290 1451 ς

727 1486 888 1548 Mox
918 1485 1133 1562 etiam,
1166 1484 1220 1547 si
1249 1483 1414 1547 forte
1443 1505 1651 1563 vacas,
1683 1505 1946 1567 sequere
1976 1491 2042 1549 et
2073 1483 2291 1568 procul
2322 1482 2490 1560 audi,
2638 1487 2722 1546 95

730 1594 907 1660 Quid
936 1594 1100 1659 ferat
1129 1601 1194 1658 et
1224 1615 1419 1677 quare
1450 1594 1574 1658 sibi
1603 1603 1819 1658 nectat
1848 1603 2120 1678 uterque
2150 1615 2471 1659 coronam.

724 1705 1054 1770 Caedimur
1082 1718 1147 1770 et
1178 1706 1445 1770 totidem
1476 1707 1680 1791 plagis
1710 1707 2144 1771 consumimus
2171 1708 2422 1772 hostem

727 1817 938 1881 Lento
969 1817 1293 1880 Samnites
1324 1817 1406 1881 ad
1434 1817 1683 1880 lumina
1710 1818 1917 1901 prima
1945 1818 2178 1882 duello.

725 1926 1002 1990 Discedo
1031 1927 1287 1991 Alcaeus
1317 1935 1559 2012 puncto
1587 1928 1759 1992 illius
1786 1953 1801 2004 ς
1849 1929 1954 1991 ille
1984 1949 2128 1992 meo
2160 1928 2353 2011 quis?

729 2037 892 2102 Quis
922 2036 1046 2100 nisi
1077 2037 1507 2101 Callimachus
1530 2038 1561 2100 ’ἓ
1654 2038 1726 2101 Si
1755 2039 1898 2121 plus
1929 2038 2268 2121 adposcere
2310 2039 2503 2117 visus,
2596 2041 2724 2101 100

726 2148 835 2211 Fit
864 2146 1297 2211 Mimnermus
1326 2155 1394 2211 et
1421 2147 1637 2231 optivo
1667 2147 2050 2231 cognomine
2081 2148 2331 2211 crescit.
2381 2155 2392 2160 “

726 2258 947 2321 Multa
973 2257 1128 2336 fero,
1161 2265 1236 2321 ut
1263 2258 1509 2342 placem
1541 2279 1743 2341 genus
1770 2257 2078 2321 irritabile
2107 2265 2346 2336 vatum,

728 2371 894 2435 Cum
926 2369 1133 2434 scribo
1161 2376 1228 2433 et
1256 2369 1522 2453 supplex
1554 2369 1773 2453 populi
1807 2368 2110 2453 suffragia
2139 2376 2345 2453 capte,

729 2479 937 2558 Idem,
969 2479 1170 2542 finitis
1198 2478 1427 2542 studiis
1456 2486 1524 2542 et
1553 2487 1769 2543 mente
1798 2486 2072 2562 recepta,

604 2638 613 2647 -
688 2638 699 2648 ·
728 2591 1043 2655 Obturem
1073 2590 1323 2674 patulas
1352 2589 1616 2673 impune
1646 2589 2010 2673 legentibus
2040 2609 2243 2652 aures.
2596 2590 2720 2651 105

734 2701 1052 2765 Ridentur
1080 2702 1251 2764 mala
1280 2701 1388 2784 qui
1421 2708 1818 2784 componunt
1848 2700 2132 2763 carmina
2153 2726 2172 2776 3
2221 2720 2441 2763 verum

639 2863 649 2873 .
732 2812 1035 2876 Gaudent
1062 2811 1412 2876 scribentes
1440 2818 1507 2875 et
1537 2832 1605 2874 se
1634 2818 2016 2874 venerantur
2046 2820 2112 2874 et
2141 2810 2332 2887 ultr0‚

731 2922 801 2985 Si
831 2930 1063 2999 taceas,
1094 2922 1359 2986 laudant
1390 2920 1702 3005 quidquid
1731 2922 2034 3005 scripsere
2067 2921 2258 2986 beati.

728 3035 822 3096 At
852 3034 962 3115 qui
990 3034 1352 3116 legitimum
1383 3033 1599 3116 cupiet
1626 3032 1851 3096 fecisse
1880 3036 2127 3115 poiima,

730 3145 897 3208 Cum
926 3143 1162 3207 tabulis
1194 3143 1481 3209 animum
1511 3144 1792 3206 censoris
1820 3149 2033 3205 sumet
2060 3140 2352 3221 honesti3
2601 3146 2729 3205 110

729 3253 1038 3332 Audebit,
1072 3274 1490 3336 quaecumque
1521 3273 1748 3336 parurn
1780 3251 2135 3335 splendoris
2165 3251 2496 3317 habebunt

729 3367 817 3428 Et
846 3365 981 3428 sine
1011 3364 1287 3449 pondere
1318 3371 1509 3427 erunt
1539 3370 1604 3427 et
1632 3362 1872 3426 honore
1902 3362 2164 3446 indigna
2201 3362 2510 3443 ferentur,

729 3474 947 3538 Verba
973 3494 1226 3537 movere
1255 3473 1415 3545 1000,
1449 3471 1738 3556 quamvis
1766 3471 1970 3535 invita
1996 3470 2299 3536 recedant

730 3588 819 3649 Et
849 3592 1183 3649 versentur
1211 3584 1420 3647 adhuc
1448 3584 1624 3646 intra
1651 3584 2003 3667 penetralia
2032 3585 2272 3649 Vestae.

729 3696 1087 3760 Obscurata
1116 3694 1226 3758 diu
1257 3693 1493 3778 populo
1523 3693 1730 3757 bonus
1758 3701 1940 3757 eruet
1971 3700 2163 3776 atque
2601 3701 2727 3761 115

732 3810 1021 3876 Proferet
1049 3809 1120 3872 in
1148 3809 1357 3873 lucem
1386 3807 1671 3891 speciosa
1698 3807 2007 3871 vocabula
2033 3827 2271 3886 rerum,

733 3924 897 3988 Quae
925 3921 1145 4004 priscis
1176 3925 1529 3982 memorata
1560 3915 1914 3981 Catonibus
1945 3924 2136 4000 atque
2167 3916 2469 4002 Cethegis

730 4034 928 4099 Nunc
959 4032 1122 4094 situs
1149 4028 1441 4092 informis
1470 4028 1706 4110 premit
1736 4035 1801 4091 et
1831 4026 2085 4092 deserta
2112 4035 2437 4107 vetustas;

729 4142 1060 4208 Adsciscet
1089 4160 1271 4217 nova,
1305 4158 1448 4220 quae
1478 4138 1730 4221 genitor
1760 4138 2130 4222 produxerit
2161 4161 2334 4204 usus·
