3025 4776
306 1361 389 1419 45

309 1912 394 1973 50

305 3206 389 3266 60

303 3758 386 3816 65

332 4231 414 4276 42.
452 4229 579 4277 vioe.

1220 304 1558 362 EPODON
1619 305 1816 361 XVII.

475 470 725 534 Effare:
767 468 978 552 jussas
1009 488 1157 531 cum
1189 468 1314 531 fide
1345 489 1568 552 poenas
1597 469 1770 531 luam
1793 494 1812 545 ς

477 582 750 644 Paratus
780 578 1052 661 expiare,
1087 598 1200 641 seu
1229 579 1589 661 poposceris

478 692 756 755 Centum
778 690 1109 772 juvencos,
1141 689 1271 751 sive
1303 686 1597 750 mendaci
1625 687 1763 771 lyra

477 801 672 864 Voles
703 798 913 862 sonari
941 824 954 861 :
1004 798 1099 860 Tu
1133 797 1382 881 pudica,
1415 804 1489 860 tu
1520 798 1719 880 proba

479 909 957 975 Perambulabis
990 915 1160 971 astra
1187 908 1361 971 sidus
1392 929 1680 972 aureum.

480 1021 748 1085 Infamis
780 1021 1049 1083 Helenae
1080 1019 1308 1083 Castor
1336 1019 1615 1081 offensus
1647 1018 1873 1095 vicem,

480 1138 825 1217 Fraterque
855 1134 1078 1216 magni
1109 1133 1414 1210 Castoris,
1447 1133 1600 1196 victi
1631 1154 1838 1215 prece,

478 1245 799 1327 Adempta
832 1244 958 1306 vati
988 1241 1315 1305 reddidere
1345 1242 1606 1305 lumina.

480 1355 566 1417 Et
595 1360 690 1429 tu,
723 1361 903 1435 potes
933 1373 1109 1429 nam,
1141 1351 1311 1414 solve
1342 1373 1446 1414 me
1476 1351 1820 1428 dementia,

481 1465 538 1527 O
568 1483 687 1526 nec
716 1463 996 1544 paternis
1025 1461 1311 1550 obsoleta
1339 1462 1648 1539 sordibuS,

479 1577 621 1639 Nec
653 1575 721 1636 in
752 1574 1054 1657 sepulcris
1083 1595 1438 1656 pauperum
1467 1574 1745 1657 prudens
1775 1595 1934 1637 anus

478 1687 893 1751 Novendialis
925 1684 1229 1768 dissipare
1260 1686 1565 1767 pulveres.

479 1797 622 1860 Tibi
651 1795 968 1877 hospitale
999 1804 1241 1876 pectus,
1277 1803 1342 1857 et
1372 1816 1548 1878 purae
1577 1815 1804 1856 manus
1833 1820 1845 1856 ε

480 1909 780 1989 Tuusque
808 1912 1030 1968 venter
1061 1905 1508 1980 Pactumeius;
1557 1913 1623 1967 et
1652 1913 1765 1966 tuo

482 2019 720 2081 Cruore
750 2016 976 2080 rubros
1007 2016 1314 2079 obstetrix
1344 2036 1592 2098 pannos
1621 2015 1794 2091 lavit,

482 2099 851 2209 Utcumque
882 2126 1065 2189 fortis
1096 2126 1307 2189 exsilis
1338 2145 1664 2207 puerpera.

480 2431 660 2498 Quid
692 2431 1001 2494 obseratis
1031 2431 1288 2494 auribus
1319 2432 1533 2495 fundis
1561 2433 1825 2515 preces?

477 2545 632 2608 Non
662 2565 815 2606 saxa
843 2542 1033 2606 nudis
1062 2543 1349 2606 surdiora
1379 2545 1610 2607 navitis

479 2656 830 2738 Neptunus
862 2655 993 2716 alto
1025 2653 1244 2716 tundit
1273 2654 1579 2717 hibernus
1610 2655 1763 2718 salo·

480 2766 739 2829 Inultus
769 2772 845 2827 ut
874 2772 950 2825 tu
980 2764 1193 2826 riseris
1224 2765 1515 2847 Cotyttia

477 2876 783 2957 Vulgata,
816 2894 1070 2936 sacrum
1102 2874 1285 2936 liberi
1316 2874 1653 2957 Cupidinis
1676 2875 1705 2935 ‘r’

478 2987 565 3049 Et
595 2983 912 3066 Esquilini
944 2984 1243 3047 Pontifex
1273 2985 1538 3047 venefici

476 3096 753 3177 Impune
784 3103 859 3156 ut
893 3093 1137 3156 Urbem
1170 3093 1427 3155 nomine
1458 3092 1740 3174 impleris
1768 3114 1913 3156 meo
1936 3095 1964 3153 ⁴?

479 3203 653 3268 Quid
682 3203 981 3285 proderat
1013 3203 1245 3264 ditasse
1276 3203 1574 3283 Pelignas
1606 3223 1764 3264 anus

475 3315 857 3379 Velociusve
890 3313 1218 3377 miscuisse
1248 3313 1583 3375 toxicum?

479 3424 607 3488 Sed
636 3424 916 3486 tardiora
945 3423 1079 3486 fata
1108 3430 1172 3484 te
1203 3422 1366 3484 votis
1396 3428 1663 3484 manent
1690 3445 1705 3482 ε

473 3535 741 3616 Ingrata
769 3533 1001 3596 misero
1031 3534 1160 3595 vita
1189 3531 1480 3595 ducenda
1508 3539 1605 3594 est
1637 3532 1705 3593 in
1734 3531 1876 3608 hoc,

477 3643 679 3706 Novis
708 3650 784 3704 ut
812 3663 1014 3724 usque
1045 3649 1339 3725 suppetas
1370 3641 1712 3704 laboribus.

478 3754 680 3835 Optat
711 3752 995 3833 quietem
1028 3751 1280 3834 Pelopis
1310 3751 1490 3814 infidi
1521 3760 1721 3834 pater,

475 3863 690 3942 Egens
720 3859 1016 3942 benignae
1046 3861 1352 3923 Tantalus
1387 3882 1636 3944 semper
1665 3861 1841 3945 dapis
1864 3890 1883 3940 3

477 3971 676 4052 Optat
708 3970 1131 4033 Prometheus
1163 3970 1479 4052 obligatus
1510 3971 1647 4033 aliti
1669 3997 1688 4048 3

477 4081 679 4161 Optat
708 4100 1007 4161 supremo
1038 4079 1341 4143 collocare
1376 4080 1690 4162 Sisyphus
1717 4147 1720 4150 ,

1305 4227 1384 4274 60.
1421 4228 1666 4287 proderit.

1214 4291 1292 4339 65.
1328 4293 1531 4339 infidus.

715 4229 797 4274 48.
824 4227 1168 4275 novendiales.

669 4293 749 4338 64.
786 4294 1062 4339 doloribus.
1665 4291 1744 4340 67.
1780 4294 1921 4340 alite.

1802 4228 1882 4275 63.
1921 4228 1942 4276 Ρ
1967 4229 2270 4279 ducendast.

2587 307 2726 362 '129

2327 1500 2389 1549 ⁴⁶-
2411 1499 2458 1539 c,
2480 1500 2517 1540 2.
2541 1499 2600 1539 ιο.
2621 1501 2660 1539 ο.

2329 1948 2390 1990 ςο.
2413 1940 2492 1990 Ep.
2513 1942 2550 1980 5.
2570 1942 2609 1980 8.

2327 2463 2470 2506 obau.
2492 2464 2539 2506 C.
2559 2466 2598 2505 3.
2615 2466 2719 2505 11.7.

2327 2590 2388 2630 54.
2410 2581 2456 2620 C.
2477 2581 2515 2621 8.
2538 2581 2574 2620 7.
2595 2581 2658 2621 21.

2325 3024 2386 3071 58.
2411 3021 2652 3062 S.1.8.23.

2321 3746 2636 3839 {fifh-²13⁰&
2643 3780 2690 3839 ’7.

2509 3850 2545 3887 2.
2571 3850 2628 3888 ιε..
2651 3849 2714 3888 37.

2323 3899 2386 3937 ⁶⁶.
2409 3897 2449 3937 s.
2472 3898 2506 3938 1.
2531 3899 2564 3937 1.
2585 3901 2648 3938 es.

2323 3997 2385 4044 ⁶7.
2407 3996 2453 4035 C.
2474 3998 2511 4037 2.
2535 3998 2596 4037 18.
2619 3999 2682 4037 35.

2322 4111 2386 4151 ⁶8.
2408 4109 2454 4150 C.
2475 4111 2513 4152 2.
2536 4112 2596 4152 14.
2617 4113 2681 4152 20.
