3025 4776
283 488 366 549 15

287 1067 377 1128 20

297 1648 395 1738 25'

313 3514 394 3576 10

315 4098 395 4159 15

387 4367 465 4401 111.
503 4352 581 4400 18.
620 4348 794 4404 flavos,
820 4345 878 4392 B.
905 4343 1060 4398 lavat,
1087 4339 1143 4386 B.
1279 4337 1359 4382 28.
1396 4333 1611 4396 eymbae.
1817 4337 1882 4370 ιν.
1921 4323 1999 4370 15.
2027 4320 2264 4369 Penates.

1048 313 1490 375 CARMINUM
1559 310 1714 368 LIB.
1760 309 1844 366 ΙΙ.
1888 307 1963 364 iv.

629 483 807 547 Dum
837 502 939 546 res
969 487 1035 544 et
1064 486 1221 544 aetas
1251 483 1319 541 et
1348 450 1685 540 Sororum⁴

716 594 860 659 Fila
886 591 1090 656 trium
1119 588 1456 673 patiuntur
1485 592 1644 649 atra.

547 729 749 794 Cedes
780 725 1088 809 coiimptis
1118 721 1407 798 saltibus,
1441 726 1506 783 et
1523 719 1750 797 domo,

543 840 866 922 Vinaque,
897 837 1098 900 flavus
1129 854 1324 918 quam
1353 829 1600 896 Tiberis
1627 829 1785 893 lavit
1807 852 1828 905 3

633 950 857 1027 Cedes,
889 954 955 1011 et
983 942 1324 1010 exstructis
1351 942 1417 1005 in
1451 941 1658 1004 altum

720 1058 982 1123 Divitiis
1008 1056 1292 1142 potietur
1319 1052 1528 1116 heres.

551 1198 827 1261 Divesne
853 1194 1063 1279 prisco
1094 1197 1284 1255 natus
1314 1188 1395 1253 ab
1426 1185 1696 1264 Inacho,

550 1308 670 1374 Nil
694 1308 983 1383 interest,
1015 1326 1097 1368 an
1125 1320 1367 1386 pauper
1396 1306 1462 1362 et
1489 1297 1716 1361 infima

639 1420 739 1483 De
770 1424 962 1501 gente
990 1414 1109 1478 sub
1140 1413 1285 1476 divo
1314 1409 1603 1486 moreris,

721 1532 1009 1597 Victima
1035 1528 1130 1591 nil
1158 1524 1519 1590 miserantis
1548 1522 1721 1587 Orci.

554 1671 800 1735 Omnes
829 1654 1055 1730 eodem
1084 1661 1375 1744 cogimur
1391 1684 1412 1738 3
1460 1656 1752 1722 omnium

552 1781 863 1844 Versatur
890 1794 1056 1838 urna
1083 1771 1284 1836 serius
1313 1770 1493 1834 ocius

644 1896 796 1959 Sors
824 1890 1094 1966 exitura,
1125 1893 1191 1950 et
1220 1905 1341 1947 nos
1369 1884 1441 1946 in
1469 1888 1783 1946 aeternum

725 2000 1044 2068 Exsilium
1072 1996 1453 2082 impositura
1480 1990 1750 2056 cumbae.

1214 2317 1337 2381 IV.

556 2461 668 2525 Nn
699 2460 786 2523 sit
816 2455 1064 2522 ancillae
1094 2452 1216 2525 tibi
1246 2471 1426 2514 amor
1454 2447 1704 2532 pudori,

558 2570 849 2636 Xanthia
877 2567 1181 2641 Phoceu3
1228 2562 1403 2646 prius
1431 2559 1821 2623 insolentem

564 2684 763 2747 Serva
789 2677 1031 2743 Briseis
1058 2674 1246 2737 niveo
1278 2672 1490 2775 colore

907 2785 1121 2852 Movit
1149 2781 1474 2850 Achillem
1500 2806 1515 2845 ε

560 2926 772 2993 Movit
800 2924 1068 3008 Ajacem
1096 2921 1440 2985 Telamone
1469 2922 1698 2978 natum

565 3041 800 3104 Forma
827 3033 1093 3116 captivae
1123 3028 1458 3093 dominum
1487 3026 1839 3088 Tecmessae
1865 3046 1879 3084 ε

564 3149 746 3216 Arsit
774 3144 1036 3212 Atrides
1067 3140 1279 3205 medio
1308 3117 1387 3201 ιη’
1407 3132 1739 3217 triumpho

908 3253 1182 3337 Virgine
1210 3259 1416 3333 rapta,

566 3395 869 3461 Barbarae
897 3398 1238 3477 postquam
1267 3381 1550 3447 cecidere
1578 3385 1810 3441 turmae

567 3505 869 3573 Thessalo
896 3501 1157 3576 victore,
1189 3503 1256 3559 et
1287 3493 1623 3574 ademptus
1654 3488 1901 3552 Hector

567 3614 857 3683 Tradidit
883 3610 1067 3676 fessis
1095 3606 1330 3671 leviora
1356 3600 1499 3666 tolli

915 3723 1232 3802 Pergama
1263 3712 1476 3779 Grais.

568 3863 861 3940 Nescias,
892 3881 978 3924 an
1004 3865 1072 3922 te
1102 3873 1409 3940 generum
1440 3847 1614 3913 beati

573 3974 884 4061 Phyllidis
911 3971 1090 4052 flavae
1119 3967 1420 4030 decorent
1449 3965 1745 4043 parentes
1772 3980 1786 4020 z

577 4087 856 4171 Regium
885 4087 1056 4146 certe
1086 4096 1288 4161 genus
1317 4080 1384 4137 et
1417 4069 1677 4135 Penatis

916 4191 985 4255 M
998 4195 1153 4253 aeret
1180 4186 1458 4268 iniquos.

2634 302 2705 356 35

2311 751 2369 789 17.
2391 737 2438 778 0.
2459 738 2496 777 ².
2519 736 2579 776 14.
2599 736 2663 775 21.

2312 1078 2372 1107 ιο.
2394 1063 2442 1104 0.
2462 1065 2500 1105 ².
2521 1064 2582 1104 14.
2602 1063 2665 1103 25.

2313 1194 2375 1223 ιι.
2398 1181 2446 1221 C.
2466 1182 2503 1220 2.
2526 1181 2586 1219 14.
2605 1179 2667 1219 11.

2312 1416 2399 1457 div.
2420 1414 2468 1456 C.
2488 1415 2526 1455 1.
2547 1413 2583 1454 1.
2605 1414 2668 1454 25.

2315 2557 2404 2598 ine.
2425 2553 2504 2605 Ep.
2527 2552 2589 2593 17.
2613 2552 2674 2591 14.

2333 3475 2433 3516 The.
2455 3473 2560 3514 0.1.
2582 3474 2641 3539 ¹.⁰·
2666 3473 2727 3513 15.

2333 3591 2393 3619 ιο.
2414 3575 2462 3616 C.
2483 3527 2676 3615 afficies.
