<?xml version="1.0" encoding="UTF-8"?>
<!DOCTYPE html PUBLIC "-//W3C//DTD XHTML 1.0 Transitional//EN"
    "http://www.w3.org/TR/xhtml1/DTD/xhtml1-transitional.dtd">
<html xmlns="http://www.w3.org/1999/xhtml" xml:lang="en" lang="en">
 <head>
  <title>
</title>
<meta http-equiv="Content-Type" content="text/html;charset=utf-8" />
  <meta name='ocr-system' content='tesseract 3.04.00' />
  <meta name='ocr-capabilities' content='ocr_page ocr_carea ocr_par ocr_line ocrx_word'/>
</head>
<body>
  <div class='ocr_page' id='page_1' title='image "./quintihoratifla03horagoog_0232.png"; bbox 0 0 3025 4776; ppageno 0'>
   <div class='ocr_carea' id='block_1_1' title="bbox 320 332 1947 407">
    <p class='ocr_par' dir='ltr' id='par_1_1' title="bbox 320 332 1947 407">
     <span class='ocr_line' id='line_1_1' title="bbox 320 332 1947 407; baseline -0.004 -11"><span class='ocrx_word' id='word_1_1' title='bbox 320 341 434 396; x_wconf 84' lang='lat'>200</span> <span class='ocrx_word' id='word_1_2' title='bbox 1173 333 1240 407; x_wconf 78' lang='grc' dir='ltr'>ρ.</span> <span class='ocrx_word' id='word_1_3' title='bbox 1292 332 1607 392; x_wconf 79' lang='lat' dir='ltr'><em>HORATJ</em></span> <span class='ocrx_word' id='word_1_4' title='bbox 1659 332 1947 390; x_wconf 78' lang='lat' dir='ltr'><em>FLACOI</em></span> 
     </span>
    </p>
   </div>
   <div class='ocr_carea' id='block_1_2' title="bbox 320 495 2796 4233">
    <p class='ocr_par' dir='ltr' id='par_1_2' title="bbox 320 495 2796 4233">
     <span class='ocr_line' id='line_1_2' title="bbox 320 495 2592 581; baseline -0.005 -11"><span class='ocrx_word' id='word_1_5' title='bbox 320 527 428 570; x_wconf 61' lang='grc' dir='ltr'>ια».</span> <span class='ocrx_word' id='word_1_6' title='bbox 449 525 491 566; x_wconf 92' lang='lat' dir='ltr'>s.</span> <span class='ocrx_word' id='word_1_7' title='bbox 512 526 550 566; x_wconf 84' lang='lat'>2.</span> <span class='ocrx_word' id='word_1_8' title='bbox 571 526 609 566; x_wconf 74' lang='lat' dir='ltr'>a.</span> <span class='ocrx_word' id='word_1_9' title='bbox 632 524 695 564; x_wconf 75' lang='grc' dir='ltr'>ιε.</span> <span class='ocrx_word' id='word_1_10' title='bbox 751 496 980 561; x_wconf 82' lang='lat' dir='ltr'><strong>Virtus</strong></span> <span class='ocrx_word' id='word_1_11' title='bbox 1007 504 1154 581; x_wconf 91' lang='lat' dir='ltr'>post</span> <span class='ocrx_word' id='word_1_12' title='bbox 1183 517 1503 561; x_wconf 79' lang='lat' dir='ltr'>nummos,</span> <span class='ocrx_word' id='word_1_13' title='bbox 1599 497 1762 561; x_wconf 76' lang='lat' dir='ltr'>Haec</span> <span class='ocrx_word' id='word_1_14' title='bbox 1794 499 1836 560; x_wconf 89' lang='lat' dir='ltr'><strong>J</strong></span> <span class='ocrx_word' id='word_1_15' title='bbox 1840 518 1999 559; x_wconf 84' lang='lat' dir='ltr'>anus</span> <span class='ocrx_word' id='word_1_16' title='bbox 2028 517 2317 560; x_wconf 85' lang='lat' dir='ltr'>summus</span> <span class='ocrx_word' id='word_1_17' title='bbox 2349 496 2430 559; x_wconf 86' lang='lat' dir='ltr'>ab</span> <span class='ocrx_word' id='word_1_18' title='bbox 2461 495 2592 560; x_wconf 91' lang='lat' dir='ltr'>imo</span> 
     </span>
     <span class='ocr_line' id='line_1_3' title="bbox 321 607 2752 691; baseline -0.007 -6"><span class='ocrx_word' id='word_1_19' title='bbox 321 643 407 685; x_wconf 72' lang='grc' dir='ltr'>αεο.</span> <span class='ocrx_word' id='word_1_20' title='bbox 430 641 480 682; x_wconf 75' lang='lat'>13.</span> <span class='ocrx_word' id='word_1_21' title='bbox 503 640 707 683; x_wconf 75' lang='lat' dir='ltr'>1.1e.1s.</span> <span class='ocrx_word' id='word_1_22' title='bbox 750 608 1087 686; x_wconf 86' lang='lat' dir='ltr'>Prodocet,</span> <span class='ocrx_word' id='word_1_23' title='bbox 1119 608 1259 672; x_wconf 76' lang='lat' dir='ltr'>haec</span> <span class='ocrx_word' id='word_1_24' title='bbox 1287 609 1589 672; x_wconf 89' lang='lat' dir='ltr'>recinunt</span> <span class='ocrx_word' id='word_1_25' title='bbox 1611 609 1881 691; x_wconf 86' lang='lat' dir='ltr'>juvenes</span> <span class='ocrx_word' id='word_1_26' title='bbox 1911 607 2153 670; x_wconf 84' lang='lat' dir='ltr'>dictata</span> <span class='ocrx_word' id='word_1_27' title='bbox 2182 627 2492 690; x_wconf 89' lang='lat' dir='ltr'>senesque</span> <span class='ocrx_word' id='word_1_28' title='bbox 2669 610 2752 670; x_wconf 84' lang='lat'>55</span> 
     </span>
     <span class='ocr_line' id='line_1_4' title="bbox 325 718 2272 808; baseline -0.002 -24"><span class='ocrx_word' id='word_1_29' title='bbox 325 758 388 808; x_wconf 73' lang='lat'>⁵⁶·</span> <span class='ocrx_word' id='word_1_30' title='bbox 409 756 452 798; x_wconf 64' lang='lat' dir='ltr'>g,</span> <span class='ocrx_word' id='word_1_31' title='bbox 473 756 655 798; x_wconf 78' lang='lat' dir='ltr'>1.s.74.</span> <span class='ocrx_word' id='word_1_32' title='bbox 752 722 945 784; x_wconf 85' lang='lat' dir='ltr'>Laevo</span> <span class='ocrx_word' id='word_1_33' title='bbox 975 719 1268 803; x_wconf 80' lang='lat' dir='ltr'>suspensi</span> <span class='ocrx_word' id='word_1_34' title='bbox 1296 719 1541 783; x_wconf 86' lang='lat' dir='ltr'>loculos</span> <span class='ocrx_word' id='word_1_35' title='bbox 1569 718 1985 800; x_wconf 87' lang='lat' dir='ltr'>tabulamque</span> <span class='ocrx_word' id='word_1_36' title='bbox 2013 718 2272 781; x_wconf 80' lang='lat' dir='ltr'>lacerto.</span> 
     </span>
     <span class='ocr_line' id='line_1_5' title="bbox 755 826 2419 910; baseline -0.001 -19"><span class='ocrx_word' id='word_1_37' title='bbox 755 830 871 892; x_wconf 87' lang='lat' dir='ltr'>Est</span> <span class='ocrx_word' id='word_1_38' title='bbox 901 828 1151 891; x_wconf 85' lang='lat' dir='ltr'>animus</span> <span class='ocrx_word' id='word_1_39' title='bbox 1179 827 1320 905; x_wconf 90' lang='lat' dir='ltr'>tibi,</span> <span class='ocrx_word' id='word_1_40' title='bbox 1352 835 1506 890; x_wconf 86' lang='lat' dir='ltr'>sunt</span> <span class='ocrx_word' id='word_1_41' title='bbox 1536 847 1743 891; x_wconf 88' lang='lat' dir='ltr'>mores</span> <span class='ocrx_word' id='word_1_42' title='bbox 1773 835 1839 891; x_wconf 93' lang='lat' dir='ltr'>et</span> <span class='ocrx_word' id='word_1_43' title='bbox 1867 827 2088 908; x_wconf 87' lang='lat' dir='ltr'>lingua</span> <span class='ocrx_word' id='word_1_44' title='bbox 2116 826 2419 910; x_wconf 87' lang='lat' dir='ltr'>fidesque,</span> 
     </span>
     <span class='ocr_line' id='line_1_6' title="bbox 326 936 2330 1021; baseline 0.002 -24"><span class='ocrx_word' id='word_1_45' title='bbox 326 956 671 1009; x_wconf 70' lang='lat' dir='ltr'>qua.13p.4.15.</span> <span class='ocrx_word' id='word_1_46' title='bbox 756 937 884 1001; x_wconf 92' lang='lat' dir='ltr'>Sed</span> <span class='ocrx_word' id='word_1_47' title='bbox 914 936 1400 1021; x_wconf 80' lang='lat' dir='ltr'>quadringentis</span> <span class='ocrx_word' id='word_1_48' title='bbox 1430 956 1540 1001; x_wconf 82' lang='lat' dir='ltr'>sex</span> <span class='ocrx_word' id='word_1_49' title='bbox 1571 944 1816 1020; x_wconf 78' lang='lat' dir='ltr'>septem</span> <span class='ocrx_word' id='word_1_50' title='bbox 1847 937 2026 1000; x_wconf 86' lang='lat' dir='ltr'>milia</span> <span class='ocrx_word' id='word_1_51' title='bbox 2054 937 2290 1001; x_wconf 81' lang='lat' dir='ltr'>desunt</span> <span class='ocrx_word' id='word_1_52' title='bbox 2316 963 2330 1001; x_wconf 76' lang='lat' dir='ltr'>z</span> 
     </span>
     <span class='ocr_line' id='line_1_7' title="bbox 754 1047 2441 1131; baseline -0.001 -19"><span class='ocrx_word' id='word_1_53' title='bbox 754 1048 945 1112; x_wconf 87' lang='lat' dir='ltr'>Plebs</span> <span class='ocrx_word' id='word_1_54' title='bbox 974 1048 1118 1111; x_wconf 88' lang='lat' dir='ltr'>eris.</span> <span class='ocrx_word' id='word_1_55' title='bbox 1210 1050 1302 1110; x_wconf 90' lang='lat' dir='ltr'>At</span> <span class='ocrx_word' id='word_1_56' title='bbox 1330 1049 1512 1131; x_wconf 89' lang='lat' dir='ltr'>pueri</span> <span class='ocrx_word' id='word_1_57' title='bbox 1542 1047 1855 1125; x_wconf 86' lang='lat' dir='ltr'>ludentes,</span> <span class='ocrx_word' id='word_1_58' title='bbox 1892 1050 2030 1112; x_wconf 87' lang='lat' dir='ltr'>Rex</span> <span class='ocrx_word' id='word_1_59' title='bbox 2061 1047 2203 1126; x_wconf 87' lang='lat' dir='ltr'>eris,</span> <span class='ocrx_word' id='word_1_60' title='bbox 2238 1048 2441 1127; x_wconf 84' lang='lat' dir='ltr'>aiunt,</span> 
     </span>
     <span class='ocr_line' id='line_1_8' title="bbox 755 1155 2758 1223; baseline -0 -3"><span class='ocrx_word' id='word_1_61' title='bbox 755 1159 827 1220; x_wconf 93' lang='lat' dir='ltr'>Si</span> <span class='ocrx_word' id='word_1_62' title='bbox 856 1163 1026 1221; x_wconf 87' lang='lat' dir='ltr'>recte</span> <span class='ocrx_word' id='word_1_63' title='bbox 1056 1155 1266 1220; x_wconf 89' lang='lat' dir='ltr'>facies.</span> <span class='ocrx_word' id='word_1_64' title='bbox 1359 1156 1490 1219; x_wconf 89' lang='lat' dir='ltr'>Hic</span> <span class='ocrx_word' id='word_1_65' title='bbox 1521 1177 1744 1219; x_wconf 87' lang='lat' dir='ltr'>murus</span> <span class='ocrx_word' id='word_1_66' title='bbox 1775 1160 2007 1220; x_wconf 85' lang='lat' dir='ltr'>a&#39;e‘neus</span> <span class='ocrx_word' id='word_1_67' title='bbox 2038 1165 2209 1223; x_wconf 84' lang='lat' dir='ltr'>esto:</span> <span class='ocrx_word' id='word_1_68' title='bbox 2671 1159 2758 1219; x_wconf 88' lang='grc'>60</span> 
     </span>
     <span class='ocr_line' id='line_1_9' title="bbox 752 1267 2169 1353; baseline -0.001 -21"><span class='ocrx_word' id='word_1_69' title='bbox 752 1268 869 1332; x_wconf 91' lang='lat' dir='ltr'>Nil</span> <span class='ocrx_word' id='word_1_70' title='bbox 899 1268 1180 1333; x_wconf 76' lang='lat' dir='ltr'>conscire</span> <span class='ocrx_word' id='word_1_71' title='bbox 1210 1267 1353 1346; x_wconf 88' lang='lat' dir='ltr'>sibi,</span> <span class='ocrx_word' id='word_1_72' title='bbox 1385 1269 1566 1331; x_wconf 85' lang='lat' dir='ltr'>nulla</span> <span class='ocrx_word' id='word_1_73' title='bbox 1593 1267 1932 1351; x_wconf 83' lang='lat' dir='ltr'>pallescere</span> <span class='ocrx_word' id='word_1_74' title='bbox 1962 1269 2169 1353; x_wconf 84' lang='lat' dir='ltr'>culpa.</span> 
     </span>
     <span class='ocr_line' id='line_1_10' title="bbox 757 1378 2401 1463; baseline 0 -19"><span class='ocrx_word' id='word_1_75' title='bbox 757 1380 1010 1459; x_wconf 78' lang='lat' dir='ltr'>Roscia,</span> <span class='ocrx_word' id='word_1_76' title='bbox 1042 1379 1145 1443; x_wconf 87' lang='lat' dir='ltr'>dic</span> <span class='ocrx_word' id='word_1_77' title='bbox 1174 1378 1376 1458; x_wconf 86' lang='lat' dir='ltr'>sodes,</span> <span class='ocrx_word' id='word_1_78' title='bbox 1409 1380 1636 1443; x_wconf 91' lang='lat' dir='ltr'>melior</span> <span class='ocrx_word' id='word_1_79' title='bbox 1663 1380 1787 1457; x_wconf 83' lang='lat' dir='ltr'>lex,</span> <span class='ocrx_word' id='word_1_80' title='bbox 1818 1400 1902 1442; x_wconf 87' lang='lat' dir='ltr'>an</span> <span class='ocrx_word' id='word_1_81' title='bbox 1931 1400 2269 1463; x_wconf 88' lang='lat' dir='ltr'>puerorum</span> <span class='ocrx_word' id='word_1_82' title='bbox 2301 1388 2401 1444; x_wconf 88' lang='lat' dir='ltr'>est</span> 
     </span>
     <span class='ocr_line' id='line_1_11' title="bbox 332 1488 2320 1572; baseline 0.001 -20"><span class='ocrx_word' id='word_1_83' title='bbox 332 1526 499 1568; x_wconf 48' lang='lat' dir='ltr'>Nae,</span> <span class='ocrx_word' id='word_1_84' title='bbox 518 1527 557 1565; x_wconf 60' lang='lat'>3,</span> <span class='ocrx_word' id='word_1_85' title='bbox 578 1526 642 1564; x_wconf 67' lang='lat'>23,</span> <span class='ocrx_word' id='word_1_86' title='bbox 663 1524 725 1564; x_wconf 64' lang='grc' dir='ltr'>η,</span> <span class='ocrx_word' id='word_1_87' title='bbox 755 1490 989 1568; x_wconf 88' lang='lat' dir='ltr'>Nenia,</span> <span class='ocrx_word' id='word_1_88' title='bbox 1023 1510 1166 1572; x_wconf 83' lang='lat' dir='ltr'>quae</span> <span class='ocrx_word' id='word_1_89' title='bbox 1195 1510 1466 1571; x_wconf 86' lang='lat' dir='ltr'>regnum</span> <span class='ocrx_word' id='word_1_90' title='bbox 1496 1495 1671 1552; x_wconf 90' lang='lat' dir='ltr'>recte</span> <span class='ocrx_word' id='word_1_91' title='bbox 1700 1488 2083 1553; x_wconf 79' lang='lat' dir='ltr'>facientibus</span> <span class='ocrx_word' id='word_1_92' title='bbox 2112 1489 2320 1568; x_wconf 89' lang='lat' dir='ltr'>offert,</span> 
     </span>
     <span class='ocr_line' id='line_1_12' title="bbox 332 1598 2237 1668; baseline -0.003 -1"><span class='ocrx_word' id='word_1_93' title='bbox 332 1638 441 1668; x_wconf 58' lang='lat' dir='ltr'>aar.</span> <span class='ocrx_word' id='word_1_94' title='bbox 465 1627 515 1666; x_wconf 79' lang='lat' dir='ltr'>A.</span> <span class='ocrx_word' id='word_1_95' title='bbox 539 1625 583 1665; x_wconf 73' lang='lat' dir='ltr'>p,</span> <span class='ocrx_word' id='word_1_96' title='bbox 604 1625 691 1664; x_wconf 64' lang='grc' dir='ltr'>ωε.</span> <span class='ocrx_word' id='word_1_97' title='bbox 758 1601 846 1662; x_wconf 86' lang='lat' dir='ltr'>Et</span> <span class='ocrx_word' id='word_1_98' title='bbox 875 1599 1159 1663; x_wconf 86' lang='lat' dir='ltr'>maribus</span> <span class='ocrx_word' id='word_1_99' title='bbox 1190 1598 1402 1662; x_wconf 87' lang='lat' dir='ltr'>Curiis</span> <span class='ocrx_word' id='word_1_100' title='bbox 1433 1607 1499 1661; x_wconf 91' lang='lat' dir='ltr'>et</span> <span class='ocrx_word' id='word_1_101' title='bbox 1529 1598 1868 1663; x_wconf 85' lang='lat' dir='ltr'>decantata</span> <span class='ocrx_word' id='word_1_102' title='bbox 1897 1599 2184 1663; x_wconf 83' lang='lat' dir='ltr'>Camillis</span> <span class='ocrx_word' id='word_1_103' title='bbox 2207 1600 2237 1661; x_wconf 72' lang='grc' dir='ltr'><em>Ῥ</em></span> 
     </span>
     <span class='ocr_line' id='line_1_13' title="bbox 334 1675 2756 1792; baseline 0.001 -19"><span class='ocrx_word' id='word_1_104' title='bbox 334 1679 454 1719; x_wconf 55' lang='lat'>⁶⁰⁸</span> <span class='ocrx_word' id='word_1_105' title='bbox 476 1678 523 1717; x_wconf 57' lang='grc' dir='ltr'>ρ’</span> <span class='ocrx_word' id='word_1_106' title='bbox 540 1677 574 1717; x_wconf 54' lang='grc' dir='ltr'>ι’</span> <span class='ocrx_word' id='word_1_107' title='bbox 590 1675 727 1715; x_wconf 55' lang='lat'><strong>12&#39;41&#39;</strong></span> <span class='ocrx_word' id='word_1_108' title='bbox 759 1712 912 1774; x_wconf 89' lang='lat' dir='ltr'>Isne</span> <span class='ocrx_word' id='word_1_109' title='bbox 941 1709 1062 1774; x_wconf 84' lang='lat' dir='ltr'>tibi</span> <span class='ocrx_word' id='word_1_110' title='bbox 1091 1709 1319 1772; x_wconf 91' lang='lat' dir='ltr'>melius</span> <span class='ocrx_word' id='word_1_111' title='bbox 1348 1709 1593 1788; x_wconf 84' lang='lat' dir='ltr'>suadet,</span> <span class='ocrx_word' id='word_1_112' title='bbox 1628 1709 1737 1792; x_wconf 91' lang='lat' dir='ltr'>qui</span> <span class='ocrx_word' id='word_1_113' title='bbox 1767 1730 1903 1773; x_wconf 90' lang='lat' dir='ltr'>rem</span> <span class='ocrx_word' id='word_1_114' title='bbox 1933 1710 2146 1789; x_wconf 83' lang='lat' dir='ltr'>facias,</span> <span class='ocrx_word' id='word_1_115' title='bbox 2179 1732 2334 1784; x_wconf 84' lang='lat' dir='ltr'>rem,</span> <span class='ocrx_word' id='word_1_116' title='bbox 2671 1716 2756 1775; x_wconf 84' lang='lat'>65</span> 
     </span>
     <span class='ocr_line' id='line_1_14' title="bbox 761 1819 2427 1903; baseline 0.002 -21"><span class='ocrx_word' id='word_1_117' title='bbox 761 1821 832 1883; x_wconf 92' lang='lat' dir='ltr'>Si</span> <span class='ocrx_word' id='word_1_118' title='bbox 864 1820 1083 1903; x_wconf 87' lang='lat' dir='ltr'>possis,</span> <span class='ocrx_word' id='word_1_119' title='bbox 1115 1826 1307 1897; x_wconf 88' lang='lat' dir='ltr'>recte,</span> <span class='ocrx_word' id='word_1_120' title='bbox 1341 1819 1396 1882; x_wconf 92' lang='lat' dir='ltr'>si</span> <span class='ocrx_word' id='word_1_121' title='bbox 1425 1841 1577 1896; x_wconf 89' lang='lat' dir='ltr'>non,</span> <span class='ocrx_word' id='word_1_122' title='bbox 1612 1840 2014 1903; x_wconf 89' lang='lat' dir='ltr'>quocumque</span> <span class='ocrx_word' id='word_1_123' title='bbox 2043 1820 2236 1885; x_wconf 89' lang='lat' dir='ltr'>modo</span> <span class='ocrx_word' id='word_1_124' title='bbox 2265 1843 2427 1902; x_wconf 88' lang='lat' dir='ltr'>rem,</span> 
     </span>
     <span class='ocr_line' id='line_1_15' title="bbox 762 1930 2327 2016; baseline 0.001 -22"><span class='ocrx_word' id='word_1_125' title='bbox 762 1932 860 1994; x_wconf 90' lang='lat' dir='ltr'>Ut</span> <span class='ocrx_word' id='word_1_126' title='bbox 888 1930 1146 2013; x_wconf 89' lang='lat' dir='ltr'>propius</span> <span class='ocrx_word' id='word_1_127' title='bbox 1177 1935 1420 2013; x_wconf 88' lang='lat' dir='ltr'>spectes</span> <span class='ocrx_word' id='word_1_128' title='bbox 1448 1930 1788 1994; x_wconf 86' lang='lat' dir='ltr'>lacrimosa</span> <span class='ocrx_word' id='word_1_129' title='bbox 1815 1936 2111 2014; x_wconf 67' lang='lat' dir='ltr'>poemata</span> <span class='ocrx_word' id='word_1_130' title='bbox 2141 1933 2327 2016; x_wconf 88' lang='lat' dir='ltr'>Pupi,</span> 
     </span>
     <span class='ocr_line' id='line_1_16' title="bbox 334 2040 2152 2125; baseline 0.003 -23"><span class='ocrx_word' id='word_1_131' title='bbox 334 2078 398 2116; x_wconf 62' lang='lat'>⁶3,</span> <span class='ocrx_word' id='word_1_132' title='bbox 421 2075 462 2115; x_wconf 63' lang='lat' dir='ltr'>s,</span> <span class='ocrx_word' id='word_1_133' title='bbox 483 2077 520 2115; x_wconf 63' lang='lat'>2,</span> <span class='ocrx_word' id='word_1_134' title='bbox 541 2074 579 2116; x_wconf 86' lang='lat'>⁷.</span> <span class='ocrx_word' id='word_1_135' title='bbox 598 2076 662 2114; x_wconf 66' lang='lat'>35,</span> <span class='ocrx_word' id='word_1_136' title='bbox 760 2041 869 2102; x_wconf 88' lang='lat' dir='ltr'>An</span> <span class='ocrx_word' id='word_1_137' title='bbox 899 2040 1009 2123; x_wconf 92' lang='lat' dir='ltr'>qui</span> <span class='ocrx_word' id='word_1_138' title='bbox 1038 2040 1342 2103; x_wconf 81' lang='lat' dir='ltr'>Fortunae</span> <span class='ocrx_word' id='word_1_139' title='bbox 1370 2049 1437 2104; x_wconf 88' lang='lat' dir='ltr'>te</span> <span class='ocrx_word' id='word_1_140' title='bbox 1466 2062 1836 2124; x_wconf 87' lang='lat' dir='ltr'>responsare</span> <span class='ocrx_word' id='word_1_141' title='bbox 1865 2042 2152 2125; x_wconf 82' lang='lat' dir='ltr'>superbae</span> 
     </span>
     <span class='ocr_line' id='line_1_17' title="bbox 762 2150 2466 2238; baseline 0.004 -25"><span class='ocrx_word' id='word_1_142' title='bbox 762 2150 1069 2215; x_wconf 90' lang='lat' dir='ltr'>Liberum</span> <span class='ocrx_word' id='word_1_143' title='bbox 1097 2159 1164 2214; x_wconf 93' lang='lat' dir='ltr'>et</span> <span class='ocrx_word' id='word_1_144' title='bbox 1193 2159 1481 2214; x_wconf 90' lang='lat' dir='ltr'>erectum</span> <span class='ocrx_word' id='word_1_145' title='bbox 1508 2173 1787 2236; x_wconf 79' lang='lat' dir='ltr'>praesens</span> <span class='ocrx_word' id='word_1_146' title='bbox 1816 2152 2117 2217; x_wconf 86' lang='lat' dir='ltr'>hortatur</span> <span class='ocrx_word' id='word_1_147' title='bbox 2145 2162 2211 2218; x_wconf 91' lang='lat' dir='ltr'>et</span> <span class='ocrx_word' id='word_1_148' title='bbox 2242 2162 2419 2238; x_wconf 87' lang='lat' dir='ltr'>aptat</span> <span class='ocrx_word' id='word_1_149' title='bbox 2436 2158 2466 2219; x_wconf 72' lang='grc' dir='ltr'><em>Ῥ</em></span> 
     </span>
     <span class='ocr_line' id='line_1_18' title="bbox 764 2261 2759 2348; baseline 0.002 -21"><span class='ocrx_word' id='word_1_150' title='bbox 764 2261 955 2328; x_wconf 79' lang='lat' dir='ltr'>Quod</span> <span class='ocrx_word' id='word_1_151' title='bbox 985 2261 1040 2325; x_wconf 88' lang='lat' dir='ltr'>si</span> <span class='ocrx_word' id='word_1_152' title='bbox 1068 2282 1173 2325; x_wconf 90' lang='lat' dir='ltr'>me</span> <span class='ocrx_word' id='word_1_153' title='bbox 1202 2262 1473 2345; x_wconf 89' lang='lat' dir='ltr'>populus</span> <span class='ocrx_word' id='word_1_154' title='bbox 1505 2263 1837 2327; x_wconf 86' lang='lat' dir='ltr'>Romanus</span> <span class='ocrx_word' id='word_1_155' title='bbox 1866 2263 2032 2328; x_wconf 86' lang='lat' dir='ltr'>forte</span> <span class='ocrx_word' id='word_1_156' title='bbox 2061 2273 2263 2348; x_wconf 87' lang='lat' dir='ltr'>roget,</span> <span class='ocrx_word' id='word_1_157' title='bbox 2297 2287 2412 2329; x_wconf 88' lang='lat' dir='ltr'>cur</span> <span class='ocrx_word' id='word_1_158' title='bbox 2675 2272 2759 2332; x_wconf 81' lang='lat'>70</span> 
     </span>
     <span class='ocr_line' id='line_1_19' title="bbox 762 2373 2302 2459; baseline 0.002 -21"><span class='ocrx_word' id='word_1_159' title='bbox 762 2375 830 2438; x_wconf 95' lang='lat' dir='ltr'>N</span> <span class='ocrx_word' id='word_1_160' title='bbox 832 2396 938 2454; x_wconf 89' lang='lat' dir='ltr'>on,</span> <span class='ocrx_word' id='word_1_161' title='bbox 966 2380 1041 2438; x_wconf 92' lang='lat' dir='ltr'>ut</span> <span class='ocrx_word' id='word_1_162' title='bbox 1070 2373 1441 2458; x_wconf 89' lang='lat' dir='ltr'>porticibus,</span> <span class='ocrx_word' id='word_1_163' title='bbox 1473 2373 1565 2437; x_wconf 89' lang='lat' dir='ltr'>sie</span> <span class='ocrx_word' id='word_1_164' title='bbox 1587 2374 1847 2459; x_wconf 86' lang='lat' dir='ltr'>judiciis</span> <span class='ocrx_word' id='word_1_165' title='bbox 1876 2375 2052 2439; x_wconf 80' lang='lat' dir='ltr'>fruar</span> <span class='ocrx_word' id='word_1_166' title='bbox 2081 2375 2302 2456; x_wconf 90' lang='lat' dir='ltr'>isdem,</span> 
     </span>
     <span class='ocr_line' id='line_1_20' title="bbox 761 2484 2496 2571; baseline 0.002 -21"><span class='ocrx_word' id='word_1_167' title='bbox 761 2487 907 2550; x_wconf 89' lang='lat' dir='ltr'>Nec</span> <span class='ocrx_word' id='word_1_168' title='bbox 936 2506 1165 2569; x_wconf 89' lang='lat' dir='ltr'>sequar</span> <span class='ocrx_word' id='word_1_169' title='bbox 1194 2494 1306 2549; x_wconf 86' lang='lat' dir='ltr'>aut</span> <span class='ocrx_word' id='word_1_170' title='bbox 1335 2484 1605 2568; x_wconf 82' lang='lat' dir='ltr'>fugiam,</span> <span class='ocrx_word' id='word_1_171' title='bbox 1637 2508 1781 2569; x_wconf 83' lang='lat' dir='ltr'>quae</span> <span class='ocrx_word' id='word_1_172' title='bbox 1810 2486 2021 2569; x_wconf 87' lang='lat' dir='ltr'>diligit</span> <span class='ocrx_word' id='word_1_173' title='bbox 2050 2487 2183 2571; x_wconf 90' lang='lat' dir='ltr'>ipse</span> <span class='ocrx_word' id='word_1_174' title='bbox 2212 2489 2310 2553; x_wconf 87' lang='lat' dir='ltr'>vel</span> <span class='ocrx_word' id='word_1_175' title='bbox 2339 2488 2496 2568; x_wconf 83' lang='lat' dir='ltr'>odit,</span> 
     </span>
     <span class='ocr_line' id='line_1_21' title="bbox 765 2597 2074 2681; baseline -0.001 -18"><span class='ocrx_word' id='word_1_176' title='bbox 765 2598 941 2663; x_wconf 90' lang='lat' dir='ltr'>Olim</span> <span class='ocrx_word' id='word_1_177' title='bbox 973 2597 1144 2681; x_wconf 91' lang='lat' dir='ltr'>quod</span> <span class='ocrx_word' id='word_1_178' title='bbox 1173 2597 1387 2681; x_wconf 85' lang='lat' dir='ltr'>volpes</span> <span class='ocrx_word' id='word_1_179' title='bbox 1415 2604 1659 2678; x_wconf 70' lang='lat' dir='ltr'>aegroto</span> <span class='ocrx_word' id='word_1_180' title='bbox 1688 2605 1877 2662; x_wconf 85' lang='lat' dir='ltr'>cauta</span> <span class='ocrx_word' id='word_1_181' title='bbox 1904 2599 2074 2662; x_wconf 89' lang='lat' dir='ltr'>leoni</span> 
     </span>
     <span class='ocr_line' id='line_1_22' title="bbox 770 2692 2438 2792; baseline 0 -19"><span class='ocrx_word' id='word_1_182' title='bbox 770 2692 1146 2792; x_wconf 76' lang='lat' dir='ltr'>Respondit,</span> <span class='ocrx_word' id='word_1_183' title='bbox 1180 2708 1450 2772; x_wconf 87' lang='lat' dir='ltr'>referam</span> <span class='ocrx_word' id='word_1_184' title='bbox 1475 2733 1490 2773; x_wconf 75' lang='lat' dir='ltr'><em>z</em></span> <span class='ocrx_word' id='word_1_185' title='bbox 1540 2707 1713 2774; x_wconf 77' lang='lat' dir='ltr'>Quia</span> <span class='ocrx_word' id='word_1_186' title='bbox 1741 2729 1846 2772; x_wconf 92' lang='lat' dir='ltr'>me</span> <span class='ocrx_word' id='word_1_187' title='bbox 1877 2710 2145 2792; x_wconf 85' lang='lat' dir='ltr'>vestigia</span> <span class='ocrx_word' id='word_1_188' title='bbox 2172 2717 2438 2788; x_wconf 83' lang='lat' dir='ltr'>terrent,</span> 
     </span>
     <span class='ocr_line' id='line_1_23' title="bbox 767 2817 2757 2900; baseline 0.003 -18"><span class='ocrx_word' id='word_1_189' title='bbox 767 2818 1006 2883; x_wconf 88' lang='lat' dir='ltr'>Omnia</span> <span class='ocrx_word' id='word_1_190' title='bbox 1033 2824 1098 2881; x_wconf 92' lang='lat' dir='ltr'>te</span> <span class='ocrx_word' id='word_1_191' title='bbox 1129 2817 1464 2881; x_wconf 86' lang='lat' dir='ltr'>adversum</span> <span class='ocrx_word' id='word_1_192' title='bbox 1493 2818 1869 2900; x_wconf 84' lang='lat' dir='ltr'>spectantia,</span> <span class='ocrx_word' id='word_1_193' title='bbox 1900 2820 2081 2883; x_wconf 87' lang='lat' dir='ltr'>nulla</span> <span class='ocrx_word' id='word_1_194' title='bbox 2108 2828 2475 2885; x_wconf 86' lang='lat' dir='ltr'>retrorsum.</span> <span class='ocrx_word' id='word_1_195' title='bbox 2677 2829 2757 2889; x_wconf 86' lang='lat'>75</span> 
     </span>
     <span class='ocr_line' id='line_1_24' title="bbox 767 2928 2796 3018; baseline 0.002 -24"><span class='ocrx_word' id='word_1_196' title='bbox 767 2930 972 2994; x_wconf 89' lang='lat' dir='ltr'>Belua</span> <span class='ocrx_word' id='word_1_197' title='bbox 1021 2929 1374 2994; x_wconf 85' lang='lat' dir='ltr'>multorum</span> <span class='ocrx_word' id='word_1_198' title='bbox 1423 2949 1491 2993; x_wconf 86' lang='lat' dir='ltr'>es</span> <span class='ocrx_word' id='word_1_199' title='bbox 1544 2928 1849 3013; x_wconf 89' lang='lat' dir='ltr'>capitum.</span> <span class='ocrx_word' id='word_1_200' title='bbox 1938 2931 2114 2994; x_wconf 83' lang='lat' dir='ltr'>Nam</span> <span class='ocrx_word' id='word_1_201' title='bbox 2163 2932 2317 3016; x_wconf 91' lang='lat' dir='ltr'>quid</span> <span class='ocrx_word' id='word_1_202' title='bbox 2369 2954 2598 3018; x_wconf 86' lang='lat' dir='ltr'>sequar</span> <span class='ocrx_word' id='word_1_203' title='bbox 2648 2944 2762 2999; x_wconf 88' lang='lat' dir='ltr'>aut</span> <span class='ocrx_word' id='word_1_204' title='bbox 2791 2938 2796 2943; x_wconf 81' lang='grc'><strong>’</strong></span> 
     </span>
     <span class='ocr_line' id='line_1_25' title="bbox 1112 3039 1357 3123; baseline 0 -21"><span class='ocrx_word' id='word_1_205' title='bbox 1112 3061 1302 3123; x_wconf 90' lang='lat' dir='ltr'>quem</span> <span class='ocrx_word' id='word_1_206' title='bbox 1326 3039 1357 3102; x_wconf 74' lang='grc' dir='ltr'>Ρ</span> 
     </span>
     <span class='ocr_line' id='line_1_26' title="bbox 769 3152 2524 3241; baseline 0.002 -23"><span class='ocrx_word' id='word_1_207' title='bbox 769 3154 925 3218; x_wconf 84' lang='lat' dir='ltr'>Pars</span> <span class='ocrx_word' id='word_1_208' title='bbox 953 3152 1289 3217; x_wconf 90' lang='lat' dir='ltr'>hominum</span> <span class='ocrx_word' id='word_1_209' title='bbox 1319 3154 1514 3236; x_wconf 87' lang='lat' dir='ltr'>gestit</span> <span class='ocrx_word' id='word_1_210' title='bbox 1543 3154 1895 3218; x_wconf 88' lang='lat' dir='ltr'>conducere</span> <span class='ocrx_word' id='word_1_211' title='bbox 1924 3154 2198 3238; x_wconf 86' lang='lat' dir='ltr'>publica,</span> <span class='ocrx_word' id='word_1_212' title='bbox 2230 3167 2382 3220; x_wconf 88' lang='lat' dir='ltr'>sunt</span> <span class='ocrx_word' id='word_1_213' title='bbox 2414 3158 2524 3241; x_wconf 90' lang='lat' dir='ltr'>qui</span> 
     </span>
     <span class='ocr_line' id='line_1_27' title="bbox 345 3265 2193 3349; baseline -0.004 -11"><span class='ocrx_word' id='word_1_214' title='bbox 345 3301 407 3348; x_wconf 79' lang='lat'>⁷⁸·</span> <span class='ocrx_word' id='word_1_215' title='bbox 428 3297 469 3338; x_wconf 91' lang='lat' dir='ltr'>s.</span> <span class='ocrx_word' id='word_1_216' title='bbox 490 3298 528 3337; x_wconf 82' lang='lat'>2.</span> <span class='ocrx_word' id='word_1_217' title='bbox 549 3298 586 3336; x_wconf 69' lang='grc' dir='ltr'>ε.</span> <span class='ocrx_word' id='word_1_218' title='bbox 609 3297 671 3337; x_wconf 77' lang='lat'>12.</span> <span class='ocrx_word' id='word_1_219' title='bbox 768 3266 1016 3331; x_wconf 88' lang='lat' dir='ltr'>Crustis</span> <span class='ocrx_word' id='word_1_220' title='bbox 1045 3273 1112 3330; x_wconf 94' lang='lat' dir='ltr'>et</span> <span class='ocrx_word' id='word_1_221' title='bbox 1141 3265 1347 3349; x_wconf 88' lang='lat' dir='ltr'>pomis</span> <span class='ocrx_word' id='word_1_222' title='bbox 1375 3266 1599 3328; x_wconf 85' lang='lat' dir='ltr'>viduas</span> <span class='ocrx_word' id='word_1_223' title='bbox 1628 3273 1943 3330; x_wconf 83' lang='lat' dir='ltr'>venentur</span> <span class='ocrx_word' id='word_1_224' title='bbox 1973 3288 2193 3331; x_wconf 85' lang='lat' dir='ltr'>avaras</span> 
     </span>
     <span class='ocr_line' id='line_1_28' title="bbox 343 3376 2363 3460; baseline 0 -20"><span class='ocrx_word' id='word_1_225' title='bbox 343 3414 425 3454; x_wconf 59' lang='lat' dir='ltr'>m,</span> <span class='ocrx_word' id='word_1_226' title='bbox 448 3413 490 3454; x_wconf 63' lang='grc' dir='ltr'>Β,</span> <span class='ocrx_word' id='word_1_227' title='bbox 510 3414 547 3453; x_wconf 66' lang='lat'>2,</span> <span class='ocrx_word' id='word_1_228' title='bbox 568 3414 606 3452; x_wconf 77' lang='lat'>⁶.</span> <span class='ocrx_word' id='word_1_229' title='bbox 626 3412 689 3452; x_wconf 55' lang='grc' dir='ltr'>μ,</span> <span class='ocrx_word' id='word_1_230' title='bbox 768 3376 1231 3460; x_wconf 81' lang='lat' dir='ltr'>Excipiantque</span> <span class='ocrx_word' id='word_1_231' title='bbox 1261 3396 1464 3454; x_wconf 85' lang='lat' dir='ltr'>senes,</span> <span class='ocrx_word' id='word_1_232' title='bbox 1497 3397 1656 3459; x_wconf 89' lang='lat' dir='ltr'>quos</span> <span class='ocrx_word' id='word_1_233' title='bbox 1686 3376 1755 3439; x_wconf 89' lang='lat' dir='ltr'>in</span> <span class='ocrx_word' id='word_1_234' title='bbox 1783 3376 2023 3440; x_wconf 86' lang='lat' dir='ltr'>vivaria</span> <span class='ocrx_word' id='word_1_235' title='bbox 2051 3378 2319 3441; x_wconf 85' lang='lat' dir='ltr'>mittant</span> <span class='ocrx_word' id='word_1_236' title='bbox 2341 3404 2363 3455; x_wconf 77' lang='lat'>3</span> 
     </span>
     <span class='ocr_line' id='line_1_29' title="bbox 771 3486 2767 3555; baseline 0.003 -6"><span class='ocrx_word' id='word_1_237' title='bbox 771 3487 1002 3551; x_wconf 88' lang='lat' dir='ltr'>Multis</span> <span class='ocrx_word' id='word_1_238' title='bbox 1030 3488 1281 3551; x_wconf 87' lang='lat' dir='ltr'>occulto</span> <span class='ocrx_word' id='word_1_239' title='bbox 1310 3486 1539 3550; x_wconf 89' lang='lat' dir='ltr'>crescit</span> <span class='ocrx_word' id='word_1_240' title='bbox 1569 3508 1669 3551; x_wconf 88' lang='lat' dir='ltr'>res</span> <span class='ocrx_word' id='word_1_241' title='bbox 1698 3487 1936 3551; x_wconf 88' lang='lat' dir='ltr'>fenore.</span> <span class='ocrx_word' id='word_1_242' title='bbox 2025 3490 2272 3552; x_wconf 83' lang='lat' dir='ltr'>Verum</span> <span class='ocrx_word' id='word_1_243' title='bbox 2679 3494 2767 3555; x_wconf 89' lang='lat'>80</span> 
     </span>
     <span class='ocr_line' id='line_1_30' title="bbox 769 3597 2158 3680; baseline 0.002 -19"><span class='ocrx_word' id='word_1_244' title='bbox 769 3599 930 3661; x_wconf 87' lang='lat' dir='ltr'>Esto</span> <span class='ocrx_word' id='word_1_245' title='bbox 960 3597 1099 3661; x_wconf 90' lang='lat' dir='ltr'>aliis</span> <span class='ocrx_word' id='word_1_246' title='bbox 1128 3597 1285 3661; x_wconf 90' lang='lat' dir='ltr'>alios</span> <span class='ocrx_word' id='word_1_247' title='bbox 1314 3598 1502 3661; x_wconf 89' lang='lat' dir='ltr'>rebus</span> <span class='ocrx_word' id='word_1_248' title='bbox 1532 3599 1886 3680; x_wconf 87' lang='lat' dir='ltr'>studiisque</span> <span class='ocrx_word' id='word_1_249' title='bbox 1915 3598 2158 3664; x_wconf 83' lang='lat' dir='ltr'>teneri:</span> 
     </span>
     <span class='ocr_line' id='line_1_31' title="bbox 771 3707 2447 3792; baseline 0.001 -20"><span class='ocrx_word' id='word_1_250' title='bbox 771 3707 958 3772; x_wconf 91' lang='lat' dir='ltr'>Idem</span> <span class='ocrx_word' id='word_1_251' title='bbox 987 3707 1208 3772; x_wconf 83' lang='lat' dir='ltr'>eadem</span> <span class='ocrx_word' id='word_1_252' title='bbox 1240 3716 1505 3791; x_wconf 88' lang='lat' dir='ltr'>possunt</span> <span class='ocrx_word' id='word_1_253' title='bbox 1535 3708 1762 3771; x_wconf 84' lang='lat' dir='ltr'>horam</span> <span class='ocrx_word' id='word_1_254' title='bbox 1791 3708 2019 3773; x_wconf 88' lang='lat' dir='ltr'>durare</span> <span class='ocrx_word' id='word_1_255' title='bbox 2049 3709 2393 3792; x_wconf 85' lang='lat' dir='ltr'>probantes</span> <span class='ocrx_word' id='word_1_256' title='bbox 2416 3710 2447 3774; x_wconf 69' lang='grc' dir='ltr'><strong>ἲ</strong></span> 
     </span>
     <span class='ocr_line' id='line_1_32' title="bbox 344 3817 2332 3902; baseline 0.002 -21"><span class='ocrx_word' id='word_1_257' title='bbox 344 3856 447 3897; x_wconf 48' lang='lat'>305,</span> <span class='ocrx_word' id='word_1_258' title='bbox 468 3857 516 3897; x_wconf 55' lang='lat'>0,</span> <span class='ocrx_word' id='word_1_259' title='bbox 536 3858 574 3897; x_wconf 48' lang='lat'>2,</span> <span class='ocrx_word' id='word_1_260' title='bbox 591 3857 652 3896; x_wconf 73' lang='lat'>1⁸.</span> <span class='ocrx_word' id='word_1_261' title='bbox 678 3857 741 3896; x_wconf 57' lang='grc' dir='ltr'>«ω,</span> <span class='ocrx_word' id='word_1_262' title='bbox 768 3818 1011 3882; x_wconf 90' lang='lat' dir='ltr'>Nullus</span> <span class='ocrx_word' id='word_1_263' title='bbox 1037 3818 1106 3880; x_wconf 89' lang='lat' dir='ltr'>in</span> <span class='ocrx_word' id='word_1_264' title='bbox 1135 3817 1288 3881; x_wconf 91' lang='lat' dir='ltr'>orbe</span> <span class='ocrx_word' id='word_1_265' title='bbox 1317 3818 1495 3881; x_wconf 89' lang='lat' dir='ltr'>sinus</span> <span class='ocrx_word' id='word_1_266' title='bbox 1525 3818 1680 3881; x_wconf 87' lang='lat' dir='ltr'>Bais</span> <span class='ocrx_word' id='word_1_267' title='bbox 1710 3820 2013 3902; x_wconf 86' lang='lat' dir='ltr'>praelucet</span> <span class='ocrx_word' id='word_1_268' title='bbox 2042 3822 2332 3901; x_wconf 84' lang='lat' dir='ltr'>amoenis,</span> 
     </span>
     <span class='ocr_line' id='line_1_33' title="bbox 467 3909 2312 4009; baseline -0.004 -6"><span class='ocrx_word' id='word_1_269' title='bbox 467 3909 713 4004; x_wconf 43' lang='grc' dir='ltr'>,εἷ”ιὲζῗ</span> <span class='ocrx_word' id='word_1_270' title='bbox 775 3930 846 3993; x_wconf 93' lang='lat' dir='ltr'>Si</span> <span class='ocrx_word' id='word_1_271' title='bbox 876 3928 1037 3992; x_wconf 80' lang='lat' dir='ltr'>dixit</span> <span class='ocrx_word' id='word_1_272' title='bbox 1067 3927 1261 4009; x_wconf 87' lang='lat' dir='ltr'>dives,</span> <span class='ocrx_word' id='word_1_273' title='bbox 1291 3929 1469 3993; x_wconf 88' lang='lat' dir='ltr'>lacus</span> <span class='ocrx_word' id='word_1_274' title='bbox 1499 3938 1566 3993; x_wconf 92' lang='lat' dir='ltr'>et</span> <span class='ocrx_word' id='word_1_275' title='bbox 1595 3950 1771 3994; x_wconf 88' lang='lat' dir='ltr'>mare</span> <span class='ocrx_word' id='word_1_276' title='bbox 1801 3932 1999 3995; x_wconf 90' lang='lat' dir='ltr'>sentit</span> <span class='ocrx_word' id='word_1_277' title='bbox 2029 3953 2312 3997; x_wconf 87' lang='lat' dir='ltr'>amorem</span> 
     </span>
     <span class='ocr_line' id='line_1_34' title="bbox 499 4010 2766 4116; baseline 0.003 -11"><span class='ocrx_word' id='word_1_278' title='bbox 499 4016 537 4054; x_wconf 83' lang='lat'>³·</span> <span class='ocrx_word' id='word_1_279' title='bbox 559 4012 596 4052; x_wconf 88' lang='lat'>¹·</span> <span class='ocrx_word' id='word_1_280' title='bbox 616 4010 680 4050; x_wconf 80' lang='lat'>³³·</span> <span class='ocrx_word' id='word_1_281' title='bbox 773 4039 1167 4105; x_wconf 65' lang='lat' dir='ltr'>Festinantis</span> <span class='ocrx_word' id='word_1_282' title='bbox 1196 4038 1331 4116; x_wconf 51' lang='grc' dir='ltr'>«πῃ</span> <span class='ocrx_word' id='word_1_283' title='bbox 1379 4039 1483 4111; x_wconf 71' lang='lat' dir='ltr'>cui</span> <span class='ocrx_word' id='word_1_284' title='bbox 1511 4040 1567 4102; x_wconf 73' lang='lat' dir='ltr'>si</span> <span class='ocrx_word' id='word_1_285' title='bbox 1595 4040 1825 4105; x_wconf 72' lang='lat' dir='ltr'>vitiosa</span> <span class='ocrx_word' id='word_1_286' title='bbox 1852 4042 2052 4107; x_wconf 85' lang='lat' dir='ltr'>libido</span> <span class='ocrx_word' id='word_1_287' title='bbox 2683 4050 2766 4111; x_wconf 86' lang='lat'>85</span> 
     </span>
     <span class='ocr_line' id='line_1_35' title="bbox 349 4149 2390 4233; baseline 0 -16"><span class='ocrx_word' id='word_1_288' title='bbox 349 4170 743 4217; x_wconf 69' lang='lat' dir='ltr'>am.C.2.15.12.</span> <span class='ocrx_word' id='word_1_289' title='bbox 774 4151 1024 4215; x_wconf 84' lang='lat' dir='ltr'>Fecerit</span> <span class='ocrx_word' id='word_1_290' title='bbox 1053 4149 1405 4233; x_wconf 86' lang='lat' dir='ltr'>auspicium</span> <span class='ocrx_word' id='word_1_291' title='bbox 1433 4175 1448 4215; x_wconf 73' lang='grc' dir='ltr'><em>ε</em></span> <span class='ocrx_word' id='word_1_292' title='bbox 1498 4151 1655 4215; x_wconf 83' lang='lat' dir='ltr'>Cras</span> <span class='ocrx_word' id='word_1_293' title='bbox 1685 4151 2073 4217; x_wconf 87' lang='lat' dir='ltr'>ferramenta</span> <span class='ocrx_word' id='word_1_294' title='bbox 2101 4153 2390 4217; x_wconf 80' lang='lat' dir='ltr'>Teanum</span> 
     </span>
    </p>
   </div>
   <div class='ocr_carea' id='block_1_3' title="bbox 345 3963 463 4017">
    <p class='ocr_par' dir='ltr' id='par_1_3' title="bbox 345 3963 463 4017">
     <span class='ocr_line' id='line_1_36' title="bbox 345 3963 463 4017; baseline -0.025 -11"><span class='ocrx_word' id='word_1_295' title='bbox 345 3963 463 4017; x_wconf 74' lang='lat' dir='ltr'>s4.c</span> 
     </span>
    </p>
   </div>
   <div class='ocr_carea' id='block_1_4' title="bbox 775 4284 2769 4403">
    <p class='ocr_par' dir='ltr' id='par_1_4' title="bbox 775 4284 2769 4403">
     <span class='ocr_line' id='line_1_37' title="bbox 775 4284 2769 4353; baseline 0.002 -15"><span class='ocrx_word' id='word_1_296' title='bbox 775 4287 854 4340; x_wconf 81' lang='lat'>57.</span> <span class='ocrx_word' id='word_1_297' title='bbox 888 4292 972 4336; x_wconf 82' lang='lat' dir='ltr'>est</span> <span class='ocrx_word' id='word_1_298' title='bbox 995 4288 1188 4350; x_wconf 79' lang='lat' dir='ltr'>lingua.</span> <span class='ocrx_word' id='word_1_299' title='bbox 1324 4284 1403 4333; x_wconf 87' lang='lat'>58.</span> <span class='ocrx_word' id='word_1_300' title='bbox 1440 4286 1498 4333; x_wconf 84' lang='lat' dir='ltr'>si.</span> <span class='ocrx_word' id='word_1_301' title='bbox 1636 4288 1713 4336; x_wconf 82' lang='lat'>62.</span> <span class='ocrx_word' id='word_1_302' title='bbox 1754 4289 1776 4334; x_wconf 75' lang='grc' dir='ltr'><em>Ρ</em></span> <span class='ocrx_word' id='word_1_303' title='bbox 1802 4293 2160 4349; x_wconf 78' lang='lat' dir='ltr'>puerorumst3</span> <span class='ocrx_word' id='word_1_304' title='bbox 2197 4294 2278 4337; x_wconf 84' lang='lat' dir='ltr'>est</span> <span class='ocrx_word' id='word_1_305' title='bbox 2303 4307 2394 4337; x_wconf 83' lang='lat' dir='ltr'>om.</span> <span class='ocrx_word' id='word_1_306' title='bbox 2423 4292 2567 4341; x_wconf 77' lang='lat' dir='ltr'>MSS.</span> <span class='ocrx_word' id='word_1_307' title='bbox 2589 4293 2769 4353; x_wconf 70' lang='lat' dir='ltr'>pleriq.</span> 
     </span>
     <span class='ocr_line' id='line_1_38' title="bbox 1194 4352 2366 4403; baseline 0.005 -6"><span class='ocrx_word' id='word_1_308' title='bbox 1194 4354 1242 4397; x_wconf 77' lang='lat' dir='ltr'>ue</span> <span class='ocrx_word' id='word_1_309' title='bbox 1274 4352 1327 4400; x_wconf 87' lang='lat' dir='ltr'>S.</span> <span class='ocrx_word' id='word_1_310' title='bbox 1356 4353 1398 4399; x_wconf 93' lang='grc'>1.</span> <span class='ocrx_word' id='word_1_311' title='bbox 1425 4352 1472 4401; x_wconf 82' lang='grc'>9.</span> <span class='ocrx_word' id='word_1_312' title='bbox 1500 4354 1578 4401; x_wconf 80' lang='lat'>42.</span> <span class='ocrx_word' id='word_1_313' title='bbox 1717 4355 1795 4401; x_wconf 63' lang='lat'>83.</span> <span class='ocrx_word' id='word_1_314' title='bbox 1835 4355 1988 4401; x_wconf 68' lang='lat' dir='ltr'>Baiis.</span> <span class='ocrx_word' id='word_1_315' title='bbox 2125 4356 2202 4403; x_wconf 80' lang='lat'>85.</span> <span class='ocrx_word' id='word_1_316' title='bbox 2242 4356 2366 4403; x_wconf 69' lang='lat' dir='ltr'>lucri.</span> 
     </span>
    </p>
   </div>
  </div>
 </body>
</html>
