3025 4776
1010 289 1483 347 SATIRARUM
1553 287 1690 344 LIB
1743 287 1832 344 II.
1893 286 1949 344 ii.
2158 293 2170 305 “
2594 292 2703 350 167

418 451 611 516 Unde
641 451 865 514 datum
896 452 1113 529 sentis,
1145 452 1333 535 lupus
1361 450 1467 514 hic
1496 451 1834 515 Tiberinus
1864 471 1947 512 an
1976 449 2107 511 alto

416 563 657 644 Captus
685 562 845 639 hiet,
876 570 1182 644 pontesne
1210 562 1381 624 inter
1403 562 1685 643 jactatus
1716 582 1797 623 an
1829 559 2035 622 amnis

420 672 602 736 Ostia
630 670 751 735 sub
783 671 1025 735 Tusci?
1118 670 1395 748 Laudas,
1426 671 1673 747 insane,
1705 669 2020 732 trilibrem
2312 694 2412 735 Tus.
2433 693 2480 736 c,
2500 696 2538 735 3.
2559 695 2596 736 7.
2620 697 2684 742 28,

417 780 721 857 Mullum,
754 779 822 841 in
851 780 1104 862 singula
1134 801 1324 863 quem
1355 781 1607 843 minuas
1636 781 1968 864 pulmenta
1995 799 2251 842 necesse

631 897 747 952 est.

288 1002 371 1060 35
418 999 618 1062 Ducit
644 1008 711 1063 te
740 1000 998 1082 species,
1032 999 1235 1063 video.
1328 1000 1474 1065 Quo
1502 999 1783 1082 pertinet
1812 1019 1965 1082 ergo
2033 1011 2040 1018 ’

418 1110 723 1173 Proceros
752 1110 956 1173 odisse
984 1109 1167 1192 lupos
1186 1110 1215 1170 ’Β
1265 1109 1416 1191 quia
1444 1108 1685 1172 scilicet
1712 1109 1840 1172 illis

420 1221 736 1302 Majorem
766 1228 997 1282 natura
1024 1218 1288 1282 modum
1320 1218 1519 1297 dedit,
1550 1219 1652 1282 his
1681 1219 1870 1282 breve
1900 1217 2169 1301 pondus.

421 1330 462 1391 J
465 1329 693 1411 ejunus
723 1349 863 1392 raro
891 1328 1256 1391 stomachus
1285 1328 1566 1410 volgaria
1593 1327 1847 1390 temnit.

418 1441 795 1503 Porrectum
824 1461 1058 1522 magno
1088 1460 1394 1522 magnum
1424 1446 1709 1522 spectare
1739 1437 1950 1501 catino

288 1552 376 1613 40
418 1551 690 1628 Vellem,
725 1550 816 1612 ait
848 1551 1153 1635 Harpyiis
1184 1550 1334 1633 gula
1363 1549 1558 1631 digna
1586 1549 1938 1631 rapacibus.
2027 1550 2121 1611 At
2148 1571 2277 1625 vos,
2306 1546 2462 1637 ⁹³⁴²·{3
2481 1549 2519 1638 ᾗ
2538 1547 2577 1637 <⁷⁵3
2597 1546 2686 1637 23¹·

422 1663 775 1726 Praesentes
803 1662 1048 1739 Austri,
1085 1660 1337 1743 coquite
1365 1660 1597 1723 horum
1644 1660 1926 1723 obsonia.
2036 1659 2277 1725 Quam-

634 1793 827 1853 quam
1502 1760 1516 1768 ⁸

422 1883 618 1945 Putet
650 1902 799 1963 aper
825 1880 1260 1963 rhombusque
1288 1901 1530 1958 recens,
1562 1880 1732 1943 mala
1760 1879 1941 1962 copia
1969 1879 2224 1962 quando

418 1991 694 2072 AEgrum
724 1991 1025 2053 sollicitat
1054 1990 1479 2068 stomachum,
1514 2011 1662 2053 cum
1691 1991 1915 2073 rapula
1942 1991 2165 2072 plenus

418 2102 637 2182 Atque
667 2100 879 2163 acidas
909 2101 1155 2163 mavult
1183 2101 1412 2164 inulas.
1508 2099 1809 2164 Necdum
1828 2101 2036 2163 omnis
2055 2101 2279 2164 abacta
2307 2116 2396 2157 inu.
2419 2116 2460 2157 s.
2481 2116 2576 2157 8.·8.
2597 2116 2661 2157 51.

286 2215 371 2274 45
418 2211 760 2294 Pauperies
790 2210 993 2292 epulis
1020 2232 1283 2293 regum:
1331 2232 1483 2273 nam
1511 2210 1745 2273 vilibus
1773 2210 1905 2273 ovis

417 2322 764 2405 Nigrisque
794 2328 891 2383 est
921 2320 1074 2383 oleis
1103 2321 1290 2384 hodie
1319 2320 1519 2384 locus.
1613 2318 1810 2382 Haud
1838 2319 1933 2382 ita
1960 2318 2207 2403 pridem

421 2433 679 2498 Galloni
710 2431 1018 2516 praeconis
1048 2439 1185 2495 erat
1216 2432 1576 2514 acipensere
1605 2451 1827 2492 mensa

421 2545 709 2609 Infamia.
803 2543 1027 2610 Quid?
1074 2551 1217 2605 tum
1245 2543 1546 2606 rhombos
1590 2541 1802 2603 minus
1849 2562 2104 2623 aequora
2151 2540 2277 2603 ale-

633 2653 794 2717 bant
817 2654 846 2715 ?

418 2765 623 2828 Tutus
652 2766 790 2826 erat
818 2762 1127 2826 rhombus
1158 2768 1427 2844 tutoque
1458 2760 1703 2825 ciconia
1731 2761 1904 2838 nido,

291 2880 378 2938 50
423 2876 645 2939 Donec
674 2895 784 2935 vos
816 2880 1037 2935 auctor
1065 2871 1283 2935 docuit
1312 2872 1667 2954 praetorius.
1758 2872 1933 2952 Ergo

427 2985 498 3049 Si
528 2984 669 3068 quis
698 3004 871 3046 nunc
901 3003 1153 3065 mergos
1182 3003 1404 3045 suaves
1433 2981 1702 3044 edixerit
1731 3001 1923 3058 assos,

420 3094 679 3159 Parebit
707 3093 883 3176 pravi
912 3091 1132 3155 docilis
1164 3093 1453 3155 Romana
1477 3091 1802 3172 juventus.
2305 3100 2399 3142 doc·
2420 3101 2468 3142 C·
2487 3101 2525 3142 4·
2545 3102 2583 3141 6-
2603 3101 2668 3142 43-

422 3203 727 3267 Sordidus
758 3224 796 3264 a
825 3201 1006 3264 tenui
1035 3200 1209 3263 victu
1238 3199 1501 3262 distabit
1534 3198 1743 3263 Ofella

421 3317 462 3378 J
465 3314 646 3378 udioe
668 3339 682 3377 ε
728 3333 881 3375 nam
908 3312 1148 3373 frustra
1175 3309 1403 3372 vitium
1430 3308 1726 3372 vitaveris
1754 3306 1933 3385 illud,

289 3431 372 3490 55
423 3426 493 3489 Si
522 3433 588 3488 te
618 3425 744 3487 alio
771 3444 1037 3507 pravum
1068 3421 1425 3485 detorseris.
1518 3419 1891 3495 Avidienus,

418 3536 545 3599 Cui
574 3534 766 3599 Canis
795 3554 872 3597 ex
899 3554 1050 3598 vero
1079 3531 1324 3595 dictum
1353 3550 1708 3613 cognomen
1737 3527 2039 3605 adhaeret,

421 3647 883 3729 Quinquennes
913 3644 1080 3707 oleas
1111 3650 1208 3706 est
1241 3650 1306 3706 et
1336 3640 1648 3705 silvestria
1678 3659 1889 3714 corna,

417 3760 516 3820 Ac
545 3757 667 3818 nisi
697 3762 1021 3818 mutatum
1049 3752 1253 3835 parcit
1283 3750 1628 3814 defundere
1656 3749 1878 3812 vinum
1909 3755 1996 3825 et,
2224 3761 2229 3765 ·
2307 3768 2411 3806 mut.
2434 3766 2473 3805 s.
2494 3765 2532 3805 2.
2552 3765 2589 3804 8.
2610 3764 2673 3803 50.

420 3866 621 3948 Cujus
649 3865 912 3929 odorem
943 3863 1063 3927 olei
1091 3883 1371 3945 nequeas
1400 3860 1696 3945 perferre,
1728 3858 1948 3922 licebit

283 3980 373 4041 60
417 3976 540 4040 Ille
568 3975 832 4059 repotia,
866 3975 1109 4037 natales
1139 3973 1373 4036 aliosve
1403 3971 1655 4035 dierum

284 4152 371 4199 34.
407 4150 431 4201 ἲ
453 4152 738 4200 necessest.
874 4149 954 4197 38.
980 4145 1225 4271 vulgagga.
1360 4143 1441 4190 48.
1466 4157 1642 4205 aequor
1663 4142 1850 4191 alebat.
1967 4138 2045 4189 55.
2071 4150 2276 4200 pravus.

1187 4258 1199 4270 .
1224 4222 1454 4270 ductum.
1657 4248 1676 4258 -
