3025 4776
313 322 423 376 144
1149 316 1216 390 Q.
1268 316 1584 374 HORATI
1632 315 1921 373 FLAoc'I

727 482 820 544 At
849 486 923 543 tu
953 480 1279 544 conclusas
1308 479 1573 544 hircinis
1603 478 1859 543 follibus
1888 499 2092 557 auras,

730 592 952 673 Usque
981 589 1362 668 laborantes,
1394 589 1551 652 dum
1581 589 1822 653 ferrum
1850 589 2097 653 molliat
2125 588 2314 672 ignis,
2638 590 2724 652 20

730 704 827 766 Ut
856 702 1077 779 mavis,
1109 701 1383 766 imitare.
1475 702 1716 764 Beatus
1748 700 2033 765 Fannius
2060 700 2232 763 ultro

729 814 977 877 Delatis
1007 812 1210 897 capsis
1238 819 1305 877 et
1332 811 1635 895 imagine,
1668 832 1817 875 cum
1847 834 1912 873 m
2018 832 2211 877 nemo

732 924 981 1008 Scripta
1007 925 1178 1007 legat
1205 923 1392 1006 volgo
1418 921 1687 985 recitare
1717 882 1920 989 &rusca
1937 881 2020 991 'g
2035 920 2116 985 ob
2144 920 2315 985 hanc
2342 941 2481 985 rem

730 1034 923 1102 Quod
952 1042 1104 1098 sunt
1135 1055 1294 1117 quos
1325 1054 1528 1116 genus
1555 1031 1678 1095 hoc
1708 1031 1975 1096 minime
1997 1032 2204 1115 juvat,
2235 1039 2458 1116 utpote
2488 1031 2701 1115 plures

728 1145 989 1229 Culpari
1018 1143 1267 1227 dignos.
1360 1143 1671 1211 Quemvis
1698 1142 1910 1206 media
1937 1160 2089 1206 erue
2118 1142 2328 1221 turba,
2634 1145 2717 1206 25

360 1270 658 1362 ·1{·}{³},}⁹·
726 1258 865 1320 Aut
893 1255 977 1319 ob
1009 1255 1339 1319 avaritiam
1369 1261 1482 1317 aut
1510 1254 1745 1317 misera
1773 1253 2122 1317 ambitione
2149 1253 2418 1321 laborat.

423 1352 433 1363 ’
480 1350 491 1363 ’
538 1351 549 1363 ’
621 1351 632 1363 ’
729 1366 861 1430 Hic
893 1371 1240 1449 nuptarum
1270 1362 1514 1427 insanit
1543 1363 1888 1442 amoribus,
1918 1363 2027 1426 hic
2055 1384 2397 1447 puerorum
2419 1391 2440 1443 ;

303 1517 389 1557 m,
412 1516 652 1559 S.1.e.17.
731 1478 930 1540 Hunc
961 1476 1130 1559 capit
1161 1474 1408 1558 argenti
1437 1472 1773 1558 splendor;
1819 1480 2034 1558 stupet
2062 1474 2293 1539 Albius
2322 1496 2446 1539 aere
2467 1500 2488 1553 ς

731 1588 861 1651 Hic
890 1593 1102 1650 mutat
1129 1606 1371 1650 merces
1399 1592 1702 1668 surgente
1732 1607 1770 1647 a
1798 1585 1930 1650 sole
1959 1585 2040 1648 ad
2070 1607 2218 1649 eum
2249 1607 2376 1670 quo

303 1731 370 1770 30.
392 1717 635 1762 s.1.1.aa.
729 1696 1110 1780 Vespertina
1137 1702 1314 1778 tepet
1341 1694 1519 1777 regio
1546 1720 1559 1758 ε
1609 1695 1767 1777 quin
1796 1717 1908 1778 per
1936 1696 2106 1758 mala
2131 1717 2412 1779 praeceps
2635 1700 2724 1761 30

730 1920 1000 1981 Summa
1028 1915 1332 2000 deperdat
1359 1923 1654 1980 metuens
1684 1922 1796 1979 aut
1826 1916 2088 1999 ampliet
2117 1923 2192 1980 ut
2219 1938 2378 1981 rem.

728 2030 971 2092 Omnes
998 2026 1070 2090 hi
1097 2033 1399 2091 metuunt
1420 2047 1657 2105 versus,
1689 2026 1878 2091 odere
1906 2031 2144 2110 poetas.

728 2141 997 2202 Faenum
1025 2138 1221 2202 habet
1251 2138 1320 2200 in
1350 2159 1570 2217 cornu,
1601 2138 1793 2221 longe
1819 2138 2010 2222 fuge:
2057 2137 2405 2204 dummodo
2433 2139 2632 2204 risum

725 2249 1033 2314 Excutiat
1060 2248 1200 2327 sibi,
1232 2270 1364 2313 non
1392 2248 1499 2313 hic
1528 2249 1826 2341 cuiquam
1855 2256 2074 2333 parcet
2104 2249 2329 2328 amico,
2635 2255 2718 2316 35

722 2360 815 2424 Et
843 2359 1287 2445 quodcumque
1318 2359 1514 2425 semel
1543 2360 1781 2424 chartis
1809 2360 2100 2441 illeverit,
2132 2382 2355 2427 omnes

726 2471 981 2536 Gestiet
1011 2492 1049 2534 a
1076 2471 1266 2534 furno
1293 2471 1635 2535 redeuntes
1664 2472 1825 2536 scire
1853 2473 2125 2555 lacuque

724 2583 813 2645 Et
842 2602 1069 2665 pueros
1098 2588 1165 2644 et
1193 2602 1374 2644 anus.
1463 2580 1784 2664 Agedum,
1815 2602 2019 2665 pauca
2048 2582 2258 2668 accipe
2288 2591 2527 2650 eontra.

727 2696 1019 2760 Primum
1049 2717 1166 2779 ego
1196 2716 1300 2759 me
1329 2695 1609 2775 illorum,
1639 2696 1922 2760 dederim
1953 2697 2182 2780 quibus
2211 2719 2347 2762 esse
2375 2699 2604 2783 poetis,

727 2808 1081 2891 Excerpam
1109 2827 1376 2870 numero
1402 2831 1415 2870 ε
1463 2828 1673 2889 neque
1702 2807 1874 2870 enim
1904 2808 2280 2873 concludere
2308 2831 2562 2873 versum
2633 2815 2722 2874 40

632 2980 637 2985 ,
727 2917 980 2980 Dixeris
1008 2937 1145 2980 esse
1175 2917 1328 2980 satis
1352 2941 1371 2995 3
1419 2938 1626 2999 neque
1655 2918 1708 2979 si
1740 2918 1881 3001 quis
1910 2919 2146 2983 scribat
2175 2920 2271 2983 uti
2302 2940 2420 2983 nos

728 3027 1024 3091 Sermoni
1053 3027 1370 3110 propiora,
1401 3034 1592 3111 putes
1620 3027 1796 3091 hunc
1826 3048 1961 3091 esse
1991 3033 2268 3112 poetam.

303 3161 368 3199 ⁴³·
389 3146 636 3238 ‘baffi-3955·
728 3137 1073 3220 Ingenium
1105 3138 1207 3201 cui
1236 3139 1340 3216 sit,
1374 3138 1479 3202 cui
1506 3159 1690 3200 mens
1720 3138 1990 3201 divinior
2018 3148 2211 3223 atque
2239 3162 2310 3205 os

730 3249 976 3330 Magna
1005 3256 1404 3326 sonaturum,
1435 3248 1548 3311 des
1577 3248 1857 3310 nominis
1886 3247 2077 3332 hujus
2105 3250 2435 3316 honorem.

727 3356 977 3421 Idcirco
1009 3358 1268 3442 quidam
1298 3340 1609 3423 comoedia
1636 3377 1837 3420 necne
1867 3361 2095 3441 poema
2633 3365 2717 3426 45

726 3468 916 3531 Esset
947 3470 1290 3552 quaesivere
1316 3494 1330 3532 ε
1379 3467 1551 3552 quod
1582 3488 1725 3531 aoer
1752 3467 2012 3551 spiritus
2040 3490 2115 3532 ac
2143 3470 2237 3534 vis

726 3579 869 3642 Nec
897 3579 1106 3643 verbis
1135 3599 1255 3642 nec
1284 3579 1473 3643 rebus
1501 3579 1692 3657 inest,
1722 3578 1846 3641 nisi
1878 3579 2048 3662 quod
2075 3580 2235 3664 pede
2266 3588 2440 3645 certo

727 3688 962 3752 Differt
990 3689 1289 3766 sermoni,
1321 3709 1532 3752 sermo
1563 3710 1795 3752 merus.
1885 3692 1978 3754 At
2007 3698 2191 3773 pater
2219 3693 2446 3756 ardens

302 3831 407 3862 mer.
430 3820 481 3861 s.
504 3821 540 3861 1.
560 3820 598 3861 ⁷.
618 3820 683 3861 aa
730 3799 947 3877 Saevit,
982 3797 1155 3881 quod
1183 3798 1518 3862 meretrice
1547 3819 1744 3881 nepos
1772 3798 2037 3862 insanus
2068 3800 2273 3865 amica

303 3882 401 3923 ’.φ’
424 3871 505 3922 Ep'
527 3872 648 3912 1..st
726 3909 929 3974 Filius
957 3930 1221 3973 uxorem
1252 3907 1478 3992 grandi
1509 3929 1658 3972 cum
1688 3909 1837 3973 dote
1867 3917 2137 3989 recuset,
2635 3915 2721 3975 50

723 4020 960 4084 Ebrius
990 4028 1076 4098 et,
1107 4040 1419 4103 magnum
1452 4019 1623 4102 quod
1653 4019 1944 4099 dedecus,
1979 4021 2265 4085 ambulet
2295 4027 2442 4085 ante

290 4172 390 4220 sac,
413 4171 459 4211 ρ,
481 4172 519 4212 3,
539 4170 602 4212 28,
622 4171 661 4211 ⁷.
726 4130 1004 4196 Noctem
1035 4152 1181 4195 cum
1214 4129 1476 4195 facibus.
1567 4130 1906 4212 Numquid
1937 4129 2328 4216 Pomponius
2357 4131 2498 4194 istis

2729 3545 2982 3600 “Nx

1350 4303 1430 4352 23.
1470 4302 1640 4364 vulgo.
1777 4305 1854 4353 39.
1891 4307 2085 4366 poetas.
