3025 4776
300 307 377 362 38

296 978 397 1029 Qui.
417 979 469 1022 Β.
489 980 526 1022 1.
545 980 583 1020 0.
601 979 641 1020 ’1.

1137 309 1201 382 Q.
1244 308 1564 384 HORAH
1591 309 1746 367 HA
1751 310 1880 368 001

1636 599 1802 663 VII.

982 734 1041 798 Ο
1074 753 1244 798 sarr
1276 753 1534 797 mecum
1562 741 1820 818 tempus
1849 734 1918 798 in
1947 734 2248 799 ultimum

978 842 1292 921 Deducte,
1326 843 1535 907 Bruto
1565 843 1812 908 militias
1842 843 2023 924 duce,

1068 953 1234 1020 Quis
1264 959 1331 1017 te
1358 953 1689 1017 redonavit
1722 955 2045 1020 Quiritem
2102 976 2115 984 ·

1151 1062 1271 1125 Dis
1299 1064 1524 1146 patriis
1554 1064 1851 1147 Italoque
1880 1065 2065 1143 coelo,

978 1197 1244 1280 Pompei
1272 1218 1564 1260 meorum
1593 1197 1799 1281 prime
1830 1199 2144 1263 sodalium
2163 1200 2194 1262 ⁴?

977 1309 1144 1372 Cum
1175 1329 1302 1391 quo
1330 1317 1691 1372 morantem
1723 1330 1888 1393 saepe
1918 1310 2089 1374 diem
2118 1331 2296 1375 mero

1063 1419 1254 1502 Fregi
1284 1428 1624 1483 coronatus
1652 1419 1936 1483 nitentes

1149 1531 1562 1595 Malobathro
1597 1532 1783 1616 Syrio
1813 1532 2095 1615 capillos.

973 1667 1212 1729 Tecum
1244 1666 1572 1749 Philippos
1602 1673 1668 1730 et
1697 1667 1967 1731 celerem
1996 1667 2219 1749 fugam

975 1778 1182 1856 Sensi,
1214 1777 1439 1841 relicta
1467 1799 1600 1841 non
1628 1777 1792 1841 bene
1821 1780 2149 1861 parmula;

1057 1890 1227 1953 Cum
1254 1888 1459 1951 fracta
1485 1889 1710 1966 virtus,
1742 1893 1822 1951 et‘
1839 1889 2120 1952 minaces

1143 1999 1354 2083 Turpe
1383 1999 1593 2063 solum
1623 1999 1893 2083 tetigere
1922 2007 2165 2063 mento.

974 2132 1102 2195 Sed
1131 2153 1236 2196 me
1265 2153 1377 2216 per
1404 2133 1609 2197 hostis
1640 2133 2006 2198 Mercurius
2034 2135 2204 2199 celer

971 2243 1190 2307 Denso
1218 2251 1557 2327 paventem
1587 2245 1850 2324 sustulit
1881 2249 2024 2308 acre
2051 2270 2065 2308 z

1054 2354 1145 2418 Te
1174 2374 1395 2419 rursus
1423 2355 1494 2418 in
1523 2354 1763 2419 bellum
1794 2353 2125 2419 resorbens

1141 2465 1339 2530 Unda
1363 2466 1546 2530 fretis
1575 2467 1727 2529 tulit
1756 2467 2066 2530 aestuosis.

965 2601 1142 2684 Ergo
1170 2601 1518 2684 obligatam
1548 2602 1739 2665 redde
1771 2602 1812 2666 J
1816 2602 1918 2666 ovi
1947 2601 2198 2686 dapem,

966 2713 1317 2794 Longaque
1343 2712 1585 2776 fessum
1613 2712 1845 2775 militia
1872 2712 2043 2775 latus

1051 2822 1317 2906 Depone
1344 2822 1464 2886 sub
1492 2824 1680 2887 lauru
1708 2823 1871 2899 mea,
1897 2842 2016 2885 nec
2061 2815 2069 2822 ’

1136 2921 1335 2996 Parce
1366 2933 1539 2997 cadis
1567 2932 1689 2996 tibi
1720 2932 2074 2996 destinatis.

964 3065 1290 3131 Oblivioso
1318 3068 1482 3131 levia
1511 3067 1794 3130 Massico

966 3176 1222 3241 Ciboria
1251 3179 1429 3262 exple
1456 3204 1470 3242 ε
1517 3177 1715 3241 funde
1759 3177 2096 3260 capacibus

1052 3288 1406 3370 Unguenta
1433 3287 1512 3350 de
1541 3286 1819 3350 conchis.
1914 3288 2080 3353 Quis
2107 3287 2238 3351 udo

1137 3398 1574 3484 Deproperare
1605 3398 1747 3481 apio
1778 3419 2044 3462 coronas

964 3529 1244 3595 Curatve
1276 3532 1540 3616 myrto?
1586 3553 1778 3615 quem
1806 3531 2035 3595 Venus
2066 3530 2379 3594 arbitrum

963 3640 1155 3705 Dicet
1184 3641 1447 3706 bibendi
1468 3643 1498 3704 ⁴?
1585 3642 1744 3706 Non
1771 3662 1892 3724 ego
1920 3641 2137 3705 sanius

1046 3751 1419 3817 Bacchabor
1446 3752 1726 3816 Edonis:
1773 3759 2030 3835 recepto

1133 3864 1339 3926 Dulce
1368 3863 1532 3926 mihi
1559 3863 1770 3927 furere
1799 3872 1896 3927 est
1927 3863 2152 3927 amico,

1196 4027 1277 4075 13.
1314 4026 1508 4076 hostes.
1641 4028 1723 4076 28.
1763 4026 2054 4076 ?furerest.

2630 1783 2711 1841 10

2627 2358 2703 2418 15

2619 2935 2703 2995 20

2613 3535 2695 3596 25
