3025 4776
960 319 1433 380 SATIRARUM
1493 322 1647 379 LIB.
1704 319 1793 379 II.
1839 320 1932 378 vii.
2560 324 2666 378 193

418 483 731 552 Quisnam
751 484 952 567 igitur
974 486 1135 550 liber
1156 487 1186 548 ⁴?
1235 486 1498 569 Sapiens
1521 485 1644 549 sibi
1668 487 1780 569 qui
1802 485 2193 569 imperiosus,

419 602 633 667 Quem
663 622 869 683 neque
898 602 1230 686 pauperies
1259 623 1467 684 neque
1507 622 1683 664 mors
1733 621 1942 683 neque
1989 598 2242 662 vincula

761 719 1024 791 terrent,

284 823 366 884 85
420 821 816 906 Responsare
846 822 1271 905 cupidinibus,
1306 829 1716 886 contemnere
1744 822 2016 886 honores
2267 816 2351 847 η’·
2368 806 2621 897 E?·1f‘¹1³.'oe.

416 933 647 1010 Fortia,
679 942 744 996 et
773 933 840 996 in
873 955 940 997 se
971 933 1108 1017 ipso
1137 941 1333 1011 totus,
1366 941 1535 996 teres
1565 941 1759 1016 atque
1788 930 2121 1008 rotundus,

415 1044 683 1106 Externi
713 1065 795 1108 ne
827 1044 977 1127 quid
1008 1045 1212 1108 valeat
1242 1066 1353 1127 per
1383 1044 1519 1107 leve
1549 1044 1805 1121 morari,

417 1154 499 1216 In
529 1175 719 1236 quem
750 1176 980 1218 manca
1006 1154 1139 1218 ruit
1168 1175 1416 1239 semper
1444 1154 1723 1218 fortuna.
1814 1155 2090 1217 Potesne

415 1264 515 1326 Ex
543 1263 648 1327 his
677 1272 751 1328 ut
780 1264 1103 1348 proprium
1124 1263 1277 1347 quid
1301 1265 1612 1327 noscere?
1677 1264 1977 1346 Quinque
2000 1264 2242 1328 talenta

285 1376 373 1438 90
423 1372 631 1436 Poscit
659 1379 724 1436 te
753 1372 1005 1451 mulier,
1038 1394 1150 1436 vex
1158 1381 1224 1436 at
1253 1372 1626 1455 foribusque
1655 1374 1979 1458 repulsum

415 1483 754 1548 Perfundit
784 1483 1015 1567 gelida,
1046 1505 1265 1548 rursus
1293 1492 1515 1548 vocat:
1564 1485 1734 1568 eripe
1763 1486 1935 1568 turpi

418 1594 598 1657 Colla
620 1594 780 1678 jugo
802 1620 822 1672 3
871 1594 1085 1673 Liber,
1119 1595 1279 1658 liber
1308 1616 1474 1673 sum,
1508 1595 1611 1658 dic
1641 1617 1757 1678 age
1785 1595 1799 1658 !
1867 1597 2020 1660 Non
2053 1597 2194 1678 quis
2221 1622 2235 1660 :

417 1706 627 1787 Urget
657 1704 827 1768 enim
862 1704 1159 1769 dominus
1190 1715 1476 1769 mentem
1506 1726 1640 1769 non
1665 1705 1830 1769 lenis
1860 1713 1925 1768 et
1956 1727 2130 1769 acres

420 1815 753 1899 Subjectat
782 1815 947 1879 lasso
978 1816 1271 1879 stimulos
1300 1824 1639 1900 versatque
1667 1825 2034 1901 negantem.

286 1928 371 1988 95
417 1925 538 1988 Vel
570 1946 720 1988 cum
750 1926 1057 1989 Pausiaca
1085 1934 1316 2010 torpes,
1348 1927 1592 2006 insane,
1634 1928 1889 2005 tabella,
2266 1948 2350 1988 eor.
2371 1946 2480 1988 aaz.
2503 1948 2538 1989 1.
2560 1948 2624 1990 9⁷.
2661 1987 2666 1993 .

418 2035 549 2102 Qui
579 2057 801 2119 peccas
829 2037 1042 2100 minus
1066 2046 1258 2120 atque
1281 2059 1419 2120 ego,
1447 2060 1596 2101 cum
1620 2039 1803 2102 Fulvi
1830 2039 2237 2122 Rutubaeque

413 2148 553 2210 Aut
583 2146 950 2211 Pacideiani
981 2155 1285 2211 contento
1314 2149 1553 2232 poplite
1584 2149 1784 2213 miror

415 2255 650 2319 Proelia
678 2255 932 2319 rubrica
960 2256 1133 2339 picta
1162 2264 1274 2319 aut
1306 2256 1601 2335 carbone,
1633 2258 1806 2321 velut
1838 2258 1892 2321 si

417 2365 514 2431 Re
543 2387 690 2431 vera
719 2375 1029 2451 pugnent,
1062 2367 1296 2432 feriant
1325 2368 1654 2452 vitentque
1683 2378 2012 2434 moventes

247 2480 373 2540 loo
417 2479 618 2542 Arma
646 2479 764 2543 viri
787 2482 837 2542 ’θ’
906 2481 1207 2563 Nequam
1239 2489 1304 2546 et
1336 2489 1612 2545 cessator
1642 2482 1859 2544 Davus
1881 2508 1901 2560 3
1950 2490 2016 2545 at
2047 2481 2178 2563 ipse
2265 2506 2347 2536 σοι.
2368 2495 2419 2536 E·
2439 2496 2477 2535 2-
2497 2496 2536 2535 ²-
2556 2497 2617 2539 14

418 2589 685 2653 Subtilis
714 2598 1002 2654 veterum
1026 2590 1225 2674 judex
1257 2599 1322 2655 et
1353 2591 1622 2656 callidus
1653 2591 1855 2657 audis.
2264 2612 2347 2652 cat.
2368 2610 2410 2653 s.
2430 2613 2468 2654 2.
2488 2614 2526 2654 s.
2545 2614 2609 2654 23.

415 2700 533 2764 Nil
563 2722 705 2784 ego,
730 2702 785 2765 si
815 2702 1012 2766 ducor
1041 2690 1172 2767 li'bo
1201 2684 1529 2769 fumante:
1576 2706 1695 2769 tibi
1724 2706 1954 2788 ingens

413 2811 641 2875 Virtus
673 2820 865 2895 atque
896 2813 1149 2876 animus
1179 2814 1352 2877 cenis
1382 2823 1709 2898 responsat
1739 2816 2013 2899 opimis?

415 2922 812 3006 Obsequium
840 2923 1081 2987 ventris
1110 2924 1271 2987 mihi
1303 2926 1713 3007 perniciosius
1743 2935 1839 2990 est
1871 2928 2037 2989 cur?

249 3032 369 3095 105
414 3034 620 3117 'Pergo
650 3033 894 3117 plector
923 3034 1116 3097 enim.
1210 3035 1342 3102 Qui
1377 3043 1450 3099 tu
1482 3036 1857 3119 impunitior
1886 3037 2018 3115 illa,

418 3144 579 3210 Quae
608 3165 800 3227 parvo
830 3145 997 3208 sumi
1027 3154 1375 3229 nequeunt,
1410 3146 1676 3210 obsonia
1704 3156 1921 3231 captas
1941 3150 1971 3210 ⁴?
2460 3231 2468 3238 θ

414 3255 668 3339 Nempe
697 3256 1172 3320 inamarescunt
1201 3258 1406 3342 epulae
1438 3257 1576 3320 sine
1606 3258 1731 3321 fine
1761 3259 2000 3341 petitae,
2267 3294 2351 3335 107.
2375 3284 2415 3326 s,
2436 3287 2473 3326 2.
2493 3286 2531 3326 ε.
2552 3287 2615 3327 75.

413 3365 727 3451 Illusique
755 3368 947 3452 pedes
976 3367 1276 3432 vitiosum
1307 3369 1473 3433 ferre
1504 3379 1802 3433 recusant
2264 3402 2339 3441 vu.
2362 3402 2462 3452 842.
2484 3403 2522 3442 2.
2543 3404 2608 3443 21.

411 3477 680 3560 Corpus.
750 3479 860 3541 An
889 3478 996 3541 hic
1028 3488 1268 3561 peccat,
1302 3479 1421 3544 sub
1453 3488 1710 3544 noctem
1743 3480 1853 3565 qui
1870 3501 2028 3565 puer
2045 3503 2234 3546 uvam

244 3588 369 3649 110
413 3587 677 3651 Furtiva
707 3596 916 3652 mutat
946 3588 1226 3672 strigili?
1275 3591 1385 3674 qui
1412 3592 1650 3674 praedia
1678 3591 1913 3670 vendit,

411 3697 529 3762 Nil
557 3698 779 3762 servile
810 3699 976 3781 guloe
1004 3721 1233 3784 parens
1260 3701 1510 3765 habet?
1603 3702 1811 3781 Adde,
1837 3704 2006 3786 quod
2036 3704 2204 3768 idem
2258 3727 2626 3779 9u1.13.1.6.57.

409 3808 565 3872 Non
593 3808 821 3872 horam
851 3816 1067 3873 tecum
1098 3832 1233 3875 esse
1264 3820 1465 3895 potes,
1498 3835 1632 3877 non
1659 3814 1794 3878 otia
1822 3823 1996 3879 recte

410 3919 682 3998 Ponere,
712 3928 905 4003 teque
933 3920 1146 4004 ipsum
1176 3921 1337 3985 vitas
1365 3923 1674 4006 fugitivus
1705 3933 1770 3987 et
1801 3946 1963 4004 erro,
2267 3942 2648 3993 113.C.2.16.20.

413 4031 454 4093 J
458 4051 562 4093 am
593 4030 742 4094 vino
773 4052 1085 4113 quaerens‚
1111 4033 1252 4115 jam
1282 4055 1505 4098 somno
1535 4034 1755 4098 fallere
1787 4057 2044 4114 curam;

244 4142 365 4203 115
414 4142 679 4211 Frustra
705 4166 718 4204 ε
769 4163 917 4204 nam
945 4164 1161 4207 comes
1186 4152 1322 4207 atra
1352 4144 1585 4227 premit
1616 4145 2027 4231 sequiturque
2056 4148 2234 4231 fuga·
2271 4198 2357 4242 ¹¹5,
2379 4190 2428 4232 Ο,
2448 4193 2486 4232 3,
2509 4191 2545 4231 1„
2566 4191 2629 4229 w.

586 4273 746 4315 cem.

970 4365 1052 4415 97.
1094 4366 1421 4414 Placideiaui.
