3025 4776
348 2232 433 2292 10

346 2813 426 2872 15

347 3397 435 3458 20

347 4001 435 4063 25

1054 244 1499 303 CARMINUM
1571 244 1727 302 LIB.
1769 246 1892 303 III.
1937 246 2016 304 iii.

673 409 847 473 Raro
874 407 1363 472 antecedentem
1394 407 1732 471 scelestum

759 520 1063 585 Deseruit
1092 519 1251 605 pede
1283 522 1486 584 Poena
1516 518 1763 583 claudo.

1273 1020 1414 1084 ΙΙΙ.

592 1185 635 1249 J
639 1201 862 1248 us‘rnu
895 1188 961 1247 et
989 1188 1280 1245 tenacem
1312 1180 1627 1265 propositi
1659 1180 1870 1244 virum

474 1378 479 1391 ¹
588 1295 747 1359 Non
777 1293 1011 1358 civium
1042 1292 1231 1356 ardor
1258 1313 1452 1376 prava
1471 1292 1869 1376 jubentium,

679 1406 836 1470 Non
866 1403 1077 1468 voltus
1106 1402 1408 1466 instantis
1436 1402 1700 1487 tyranni

765 1514 994 1578 Mente
1025 1514 1234 1596 quatit
1263 1513 1488 1592 solida,
1520 1534 1731 1597 neque
1761 1515 2021 1592 Auster,

600 1650 753 1713 Dux
780 1648 1055 1733 inquieti
1086 1647 1381 1713 turbidus
1415 1646 1704 1727 Hadriae,

594 1761 737 1825 Nec
765 1760 1170 1824 fulminantis
1201 1781 1436 1843 magna
1466 1781 1697 1824 manus
1727 1762 1768 1824 J
1772 1760 1942 1825 ovis:

687 1872 758 1935 Si
784 1871 1027 1935 fractus
1054 1871 1359 1935 illabatur
1386 1871 1580 1950 orbis,

771 1981 1180 2066 Impavidum
1207 1981 1444 2047 ferient
1473 1982 1699 2047 ruinae.

601 2117 747 2181 Hac
777 2125 915 2181 arte
943 2117 1175 2183 Pollux
1204 2124 1271 2182 et
1300 2139 1500 2201 vagus
1532 2118 1846 2183 Hercules

604 2228 844 2291 Enisus
874 2247 1053 2291 arces
1082 2227 1301 2311 attigit
1327 2227 1549 2311 igneas
1576 2254 1590 2292 ε

690 2341 871 2408 Quos
900 2338 1069 2406 inter
1095 2341 1437 2425 Augustus
1464 2341 1841 2407 recumbens

622 2435 631 2440 ⁴
774 2452 1107 2535 Purpureo
1135 2450 1302 2516 bibit
1330 2473 1439 2518 ore
1466 2461 1708 2518 nectar.

604 2586 749 2652 Hac
778 2594 859 2651 te·
873 2594 1255 2666 merentem,
1289 2588 1543 2653 Bacche
1573 2596 1775 2673 pater,
1806 2597 1938 2655 tuae

603 2699 853 2763 Vexere
884 2699 1101 2783 tigres,
1132 2698 1396 2764 indocili
1415 2699 1651 2783 jugum

691 2809 874 2875 Collo
902 2809 1251 2874 trahentes.
1345 2811 1493 2875 Hac
1526 2811 1839 2878 Quirinus

776 2921 1013 2986 Martis
1043 2921 1224 3005 equis
1253 2921 1625 2987 Acheronta
1649 2923 1839 3007 fugit,

609 3060 886 3124 Gratum
916 3059 1168 3124 elocuta
1196 3059 1681 3125 consiliantibus

606 3173 866 3236 Junone
896 3170 1057 3235 divis
1079 3176 1235 3235 :—“
1254 3170 1450 3250 Ilion,
1480 3170 1656 3234 Ilion
1789 3243 1794 3252 ,

691 3281 935 3346 Fatalis
963 3281 1369 3366 incestusque
1390 3282 1594 3366 judex

778 3392 869 3455 Et
897 3391 1127 3456 mulier
1156 3392 1492 3476 peregrina
1518 3391 1713 3457 vertit

544 3533 590 3565 “
614 3530 700 3593 In
726 3527 1054 3612 pulverem
1076 3552 1096 3606 3
1143 3548 1222 3591 ex
1251 3547 1380 3610 quo
1408 3526 1706 3591 destituit
1735 3525 1887 3590 deos

611 3638 912 3702 Mercede
940 3645 1129 3722 pacta
1158 3637 1553 3716 Laomedon,
1587 3629 1749 3701 mihi

698 3750 1034 3834 Castaeque
1065 3750 1445 3814 damnatum
1475 3750 1789 3813 Minervae

787 3862 956 3926 Cum
984 3861 1220 3947 populo
1249 3867 1315 3927 et
1344 3860 1506 3925 duoe
1535 3859 1963 3924 fraudulento·

559 3999 603 4031 “
628 3997 670 4059 J
673 4015 778 4058 am
807 4016 927 4059 nec
957 3996 1251 4060 Lacaenae
1282 3993 1573 4080 splendet
1604 3993 1908 4059 adulterae

614 4107 921 4169 Famosus
948 4105 1199 4189 hospes,
1228 4126 1349 4169 nec
1379 4103 1622 4168 Priami
1653 4104 1879 4168 domus

1006 4281 1052 4326 3.
1090 4280 1280 4328 vultus.
1416 4246 1496 4326 12.
1531 4276 1691 4325 bibet.

2677 256 2750 309 55

2361 1351 2398 1381 a.
2421 1339 2468 1381 O.
2488 1341 2525 1381 4.
2548 1340 2610 1381 15.
2636 1341 2698 1381 1⁷.

2359 1454 2397 1491 ³·
2419 1440 2471 1482 B.
2491 1441 2528 1481 1.
2549 1441 2612 1483 16.
2631 1441 2696 1482 73.

2364 1662 2400 1705 ς.
2421 1652 2469 1694 C.
2488 1653 2524 1694 1.
2543 1655 2581 1693 3.
2605 1655 2665 1693 16.

2486 1705 2525 1745 2.
2548 1705 2609 1747 17.
2632 1708 2693 1747 19.

2362 1784 2400 1822 6.
2422 1779 2470 1821 C.
2490 1781 2528 1823 1.
2549 1781 2612 1822 16.
2633 1781 2695 1820 12.

2373 3110 2435 3151 η.
2456 3100 2504 3143 Ο.
2523 3101 2563 3142 8.
2582 3100 2646 3140 25.
2665 3100 2705 3139 6.
