3025 4776
1091 384 1563 444 SATIRARUM
1635 385 1791 443 LIB.
1853 385 1908 445 Ι.
1963 385 2025 443 ii.
2654 391 2765 447 135

1296 755 1399 819 ΙΙ.

472 887 989 951 ΑΜΒσΒΑιΑιωΜ
1023 888 1306 972 collegia,
1337 884 1876 975 pharmacopolae(

478 997 788 1076 Mendici,
820 998 1053 1078 mimae,
1087 998 1471 1079 balatrones,
1502 1000 1626 1063 hoc
1656 1021 1858 1083 genus
1887 1021 2076 1064 omne

474 1105 785 1170 Maestum
815 1128 889 1171 ac
919 1107 1267 1173 sollicitum
1295 1116 1393 1172 est
1423 1109 1701 1173 cantoris
1731 1117 1938 1173 morte
1965 1108 2196 1193 Tigelli

478 1217 729 1301 Quippe
759 1218 1074 1302 benignus
1103 1227 1264 1283 erat.
1352 1220 1598 1283 Contra
1625 1219 1752 1297 hic,
1774 1241 1857 1284 ne
1878 1221 2177 1304 prodigus
2201 1240 2336 1285 esse

391 1330 429 1389 5
477 1327 749 1391 Dicatur
776 1336 1090 1406 metuens,
1122 1330 1299 1412 inopi
1328 1329 1480 1393 dare
1508 1329 1670 1392 nolit
1701 1329 1925 1409 amico,

478 1437 709 1519 Frigus
740 1457 867 1520 quo
896 1437 1245 1520 duramque
1273 1437 1509 1501 famem
1539 1439 1887 1522 propellere
1915 1440 2135 1522 possit.

482 1547 680 1610 Hunc
709 1547 761 1609 si
790 1543 1199 1630 perconteris,
1233 1547 1334 1611 avi
1363 1568 1476 1611 cur
1506 1556 1699 1630 atque
1727 1549 2009 1632 parentis

478 1658 855 1721 Praeclaram
889 1659 1144 1742 ingrata
1174 1659 1450 1741 stringat
1477 1660 1686 1722 malus
1715 1659 1998 1743 ingluvie
2026 1681 2186 1739 rem,
2364 1682 2402 1722 s.
2423 1679 2475 1721 a.
2496 1680 2533 1721 1.
2554 1680 2615 1722 ιε.
2634 1681 2700 1721 40.

480 1769 720 1832 Omnia
749 1768 1084 1833 conductis
1114 1772 1408 1833 coiimens
1436 1769 1702 1834 obsonia
1728 1771 2049 1849 nummis;

352 1882 434 1943 10
481 1879 787 1943 Sordidus
817 1886 1011 1962 atque
1042 1880 1241 1942 animi
1271 1879 1441 1962 quod
1470 1879 1646 1962 parvi
1674 1879 1837 1943 nolit
1865 1879 2108 1957 haberi,
2363 1916 2453 1948 aar.
2474 1905 2517 1947 s.
2537 1907 2575 1947 2.
2596 1907 2634 1947 2.
2654 1907 2719 1945 53.

477 1990 885 2073 Respondet:
930 1990 1230 2053 laudatur
1254 1990 1332 2054 ab
1360 1990 1482 2068 his,
1518 1990 1813 2073 culpatur
1842 1989 1922 2053 ab
1951 1989 2132 2089 illis„

475 2099 766 2164 Fufidius
796 2121 1017 2183 vappae
1045 2099 1287 2163 famam
1315 2100 1505 2164 timet
1536 2121 1609 2164 ac
1639 2099 2001 2178 nebulonis,
2365 2124 2759 2177 vap.s.1.1.1o4.

479 2210 671 2274 Dives
818 2211 1099 2334 '⁸⁴10‘ssin
1127 2210 1347 2325 P⁰⁸slf¹⁵
1375 2210 2047 2313 infenorefflummis:

485 2291 753 2387 Quina}
813 2285 868 2384 cc
898 2276 1090 2406 cariffi
1112 2280 1443 2385 ¹11&chss
1474 2298 1727 2385 exsecat
1759 2328 1952 2405 atque
2113 2409 2116 2412 Ι
2366 2362 2470 2394 mer.
2492 2350 2533 2394 s,
2555 2351 2591 2392 ι,
2611 2352 2649 2393 ³.
2669 2351 2734 2392 ⁸0,

356 2434 434 2495 15
484 2433 748 2508 Quanto
776 2431 1082 2515 perditior
1111 2431 1377 2514 quisque
1406 2438 1525 2508 est,
1556 2437 1742 2494 tanto
1771 2430 1974 2494 acrius
2002 2437 2230 2513 urget3

478 2543 767 2607 Nomina
795 2550 1076 2607 sectatur
1103 2542 1297 2615 modo
1326 2548 1584 2625 sumpta
1609 2547 1784 2605 veste
1812 2540 1978 2603 virili
2369 2570 2482 2600 nom.
2502 2558 2656 2600 nal.
2673 2557 2761 2597 ios

486 2652 622 2717 Sub
652 2650 942 2735 patribus
971 2651 1147 2714 duris
1175 2651 1507 2724 tironum„
1571 2650 1878 2727 Maxime,
1912 2650 2052 2733 quis
2080 2670 2233 2728 non,

484 2764 523 2826 J
529 2762 781 2845 uppiter
808 2762 823 2824 !
873 2760 1207 2838 exclamat,
1241 2760 1433 2823 simul
1462 2766 1657 2842 atque
1686 2758 1974 2823 audivit?
2064 2760 2158 2823 At
2185 2759 2254 2821 in
2278 2779 2346 2822 se

482 2874 612 2936 Pro
643 2879 894 2955 quaestu
923 2879 1254 2955 sumptum
1283 2870 1439 2935 facit
1466 2870 1591 2934 hic.
1681 2872 1812 2936 Vix
1841 2870 2094 2934 credere
2123 2870 2344 2954 possis,

358 2981 443 3043 20
488 2981 704 3047 Quam
734 2980 856 3044 sibi
886 3000 1016 3042 non
1046 2979 1131 3042 sit
1160 2979 1424 3057 amicus,
1454 2979 1549 3042 ita
1576 2986 1652 3043 ut
1680 2986 1860 3062 pater
1887 2978 2018 3056 ine,
2047 2979 2306 3042 Terenti

484 3089 731 3153 Fabula
760 3110 951 3171 quem
980 3089 1287 3152 miserum
1317 3097 1514 3171 gnato
1542 3089 1769 3152 vixisse
1797 3089 2020 3172 fugato

488 3200 769 3277 Inducit,
801 3221 932 3264 non
960 3221 1027 3263 se
1056 3201 1237 3283 pejus
1268 3200 1642 3264 cruciaverit
1672 3208 1862 3282 atque
1891 3199 2018 3263 hic.

487 3310 558 3372 Si
590 3311 731 3393 quis
759 3330 931 3373 nunc
962 3318 1240 3392 quaerat:
1291 3311 1440 3377 Quo
1468 3330 1571 3373 res
1598 3310 1735 3373 haec
1778 3310 2108 3400 pertinet?
2152 3310 2304 3374 illuc
2330 3336 2344 3374 ε

482 3420 659 3483 Dum
689 3421 896 3483 vitant
926 3421 1110 3484 stulti
1140 3419 1316 3498 vitia,
1349 3420 1416 3482 in
1449 3419 1769 3483 contraria
1797 3426 2085 3482 currunt.

358 3532 439 3592 25
487 3529 802 3593 Maltinus
830 3531 1069 3594 tunicis
1098 3529 1387 3593 demissis
1418 3529 1705 3592 ambulat
1728 3555 1748 3607 3
1796 3535 1893 3592 est
1923 3529 2034 3610 qui

488 3642 743 3723 Inguen
773 3642 853 3704 ad
882 3617 1228 3705 obscenum
1260 3640 1590 3705 subductis
1619 3640 2110 3748 usque3facetus.

488 3749 785 3814 Pastillos
817 3751 1093 3814 Rufillus
1124 3751 1273 3828 olet,
1310 3752 1674 3834 Gargonius
1703 3752 1976 3816 hircum.
2374 3789 2699 3841 ,7,S‚1‚4,92‚

487 3859 605 3921 Nil
634 3858 916 3923 medium
947 3867 1066 3923 est.
1138 3862 1306 3924 Sunt
1339 3860 1449 3942 qui
1479 3859 1688 3924 nolint
1718 3860 2003 3942 tetigisse
2032 3862 2156 3925 nisi
2184 3862 2347 3941 illas,

466 3949 783 4035 ‘Quarum
814 3969 1081 4033 subsuta
1108 3970 1273 4033 talos
1301 3977 1478 4052 tegat
1508 3970 1733 4032 instita
1760 3977 1933 4034 veste
1956 3996 1974 4047 3

363 4080 448 4141 30
493 4080 735 4143 Contra
764 4079 923 4143 alius
951 4080 1196 4142 nullam
1229 4079 1350 4141 nisi
1380 4078 1579 4141 olenti
1610 4080 1680 4140 in
1708 4079 1950 4143 fornice
1979 4087 2276 4146 stantem.

492 4187 771 4253 Quidam
801 4195 993 4251 notus
1021 4188 1216 4251 homo
1245 4209 1393 4251 cum
1423 4187 1626 4251 exiret
1665 4188 1927 4266 fornice,
1960 4189 2178 4253 Macte

526 4360 573 4407 3.
597 4357 621 4408 i’
647 4360 994 4408 sollicitumst.
1133 4357 1211 4407 15.
1251 4359 1273 4410 Ρ
1300 4359 1586 4420 quisquest.
1722 4361 1804 4410 28.
1843 4361 1866 4410 3>
1889 4360 2182 4408 mediumst.
