3025 4776
525 481 643 519 ..4⁴34

515 531 678 576 ..ς620

546 557 695 619 ⁷.101'.

518 629 696 671 ,16..17

460 630 530 671 :tu
483 430 523 569 ,bb-er·

571 1224 686 1273 .·13

574 1277 666 1314 ,5.4-

513 1225 582 1416 *²320

554 1378 652 1416 ..3-1

1153 261 1220 334 Q.
1263 261 1336 319 H
1335 259 1581 319 ORATI
1614 258 1903 316 FLACCI

511 429 605 469 ··¹⁷
626 427 691 470 ³⁴*
721 429 901 511 Saepe
929 425 1361 490 verecundum
1389 422 1689 501 laudasti,
1719 442 1954 505 rexque
1983 428 2292 506 paterque

724 537 983 602 Audisti
1013 557 1248 613 coram,
1280 556 1399 598 nec
1428 533 1624 598 verbo
1650 534 1904 617 parcius
1935 534 2202 598 absens.

726 648 1002 731 Inspice,
1035 647 1090 710 si
1119 667 1377 730 poaeum
1407 645 1646 734 donata
1674 666 1980 728 reponere
2007 646 2217 709 laetus.

728 758 926 823 Haud
954 757 1121 821 male
1150 725 1589 834 Telemachus,
1621 756 1828 840 proles
1855 756 2158 839 patientis
2189 756 2405 821 Ulixei
2433 781 2447 820 ε
2641 758 2732 820 40

724 868 882 932 Non
911 876 1007 932 est
1039 875 1224 951 aptus
1254 866 1434 949 equis
1464 866 1691 930 Ithace
1721 867 1918 944 locus,
1950 877 2024 929 ut
2053 888 2262 949 neque
2291 868 2497 951 planis

728 980 1071 1043 Porrectus
1101 978 1320 1061 spatiis
1350 998 1469 1040 nec
1501 978 1723 1041 multae
1752 978 2055 1061 prodigus
2083 978 2340 1058 herbae3

726 1091 978 1168 Atride,
1008 1089 1214 1172 magis
1246 1096 1395 1172 apta
1424 1087 1546 1151 tibi
1576 1095 1688 1150 tua
1719 1088 1888 1152 dona
1914 1089 2293 1172 relinquam.

728 1205 1008 1267 Parvum
1039 1222 1232 1285 parva
1260 1199 1528 1277 decent3
1574 1198 1785 1262 mihi
1760 1221 1897 1282 Jam
1929 1221 2059 1263 non
2089 1201 2267 1283 regia
2296 1203 2525 1275 Roma,

549 1327 662 1370 .5.ε
638 1337 702 1377 ε-οι
736 1311 863 1375 Sed
893 1331 1162 1374 vacuum
1196 1308 1397 1373 Tibur
1424 1309 1634 1392 placet
1664 1317 1777 1371 aut
1806 1309 2064 1373 imbelle
2093 1311 2470 1375 Tarentum.
2643 1319 2730 1377 45

734 1425 1048 1486 Strenuus
1078 1427 1143 1484 et
1170 1419 1355 1482 fortis
1386 1420 1717 1502 causisque
1749 1420 2077 1503 Philippus
2108 1421 2369 1504 agendis

732 1533 960 1595 Clarus
988 1531 1071 1595 ab
1102 1531 1325 1595 officiis
1353 1539 1646 1595 octavam
1676 1532 1932 1595 circiter
1958 1533 2184 1597 horam

732 1643 910 1707 Dum
941 1643 1108 1706 redit
1138 1650 1331 1726 atque
1362 1644 1531 1707 Foro
1560 1644 1836 1708 nimium
1867 1644 2102 1708 distare
2134 1644 2402 1709 Carinas

735 1755 776 1817 J
781 1774 883 1815 am
915 1753 1174 1836 grandis
1204 1760 1365 1816 natu
1395 1754 1705 1836 queritur,
1737 1757 2086 1839 conspexit,
2116 1764 2193 1818 111
2223 1756 2428 1833 aiunt,

731 1863 1056 1926 Adrasum
1088 1863 1405 1946 quendam
1437 1885 1637 1929 vacua
1664 1867 1937 1930 tonsoris
1965 1867 2033 1929 in
2064 1866 2295 1932 umbra
2647 1869 2735 1928 50

735 1974 1015 2038 Cultello
1043 1957 1329 2058 proprios
1358 1984 1742 2059 purgantem
1771 1976 2001 2039 leniter
2029 1999 2296 2060 ungues,

736 2086 1049 2164 Demetri,
1081 2108 1240 2171 puer
1265 2087 1374 2152 hic
1402 2108 1532 2152 non
1563 2089 1718 2152 laeve
1738 2089 1920 2172 jussa
1952 2089 2228 2174 Philippi

732 2196 1130 2279 Accipiebat,
1163 2198 1287 2276 abi,
1320 2219 1534 2281 quaere
1563 2207 1631 2263 et
1659 2198 1844 2277 refer,
1874 2199 2047 2263 unde
2075 2199 2291 2278 domo,
2323 2201 2484 2287 quis,

735 2307 938 2392 Cujus
967 2307 1265 2387 fortunae,
1298 2331 1426 2393 quo
1455 2310 1541 2372 sit
1569 2317 1752 2393 patre
1783 2331 1987 2393 quove
2016 2319 2307 2394 patrono.

736 2422 827 2500 It,
857 2420 1025 2485 redit
1053 2429 1121 2486 et
1149 2430 1387 2500 narret,
1418 2423 1753 2487 Volteium
1783 2423 2040 2487 nomine
2071 2425 2361 2502 Menam,
2649 2427 2733 2487 55

735 2533 1131 2611 Praeconem,
1163 2533 1344 2597 tenui
1375 2554 1590 2612 censu,
1622 2534 1760 2598 sine
1789 2534 2074 2614 crimine,
2106 2542 2357 2612 notum,

679 2669 708 2713 ·.
735 2645 823 2706 Ε1
852 2665 1189 2727 properare
1220 2644 1359 2709 loco
1387 2652 1454 2708 et
1483 2666 1729 2710 cessare
1758 2654 1824 2710 et
1856 2668 2136 2729 quaerere
2166 2656 2233 2712 et
2260 2649 2358 2711 uti

578 2771 586 2779 '
671 2769 697 2829 ,·
739 2756 1146 2820 Gaudentem
1176 2756 1508 2839 parvisque
1539 2756 1864 2820 sodalibus
1893 2766 1960 2821 et
1987 2758 2122 2822 lare
2150 2768 2326 2824 certo

661 2869 673 2881 ’
734 2873 825 2936 Et
853 2870 1022 2933 ludis
1053 2877 1119 2934 et
1147 2878 1291 2954 post
1320 2870 1533 2934 decisa
1560 2871 1818 2953 negotia
1846 2872 2110 2956 Campo.

738 2980 967 3045 Scitari
999 2980 1158 3044 libet
1188 3001 1263 3043 ex
1294 2981 1452 3064 ipso,
1487 2981 1930 3064 quodcumque
1960 2981 2154 3045 refers
2175 3008 2195 3060 3
2244 2982 2348 3046 dic
2651 2984 2740 3045 60

736 3091 840 3155 Ad
872 3111 1096 3153 cenam
1126 3089 1362 3153 veniat.
1453 3090 1610 3152 Non
1639 3110 1789 3153 sane
1818 3088 2072 3156 credere
2103 3092 2324 3170 Mena,

737 3201 965 3265 Mirari
994 3221 1210 3264 secum
1242 3199 1497 3263 tacitus.
1591 3199 1766 3265 Quid
1798 3200 2005 3264 multa
2027 3203 2056 3263 Ρ
2145 3203 2457 3285 Benigne,

738 3316 1129 3401 Respondet.
1219 3316 1435 3397 Neget
1464 3313 1574 3376 ille
1605 3313 1817 3376 mihi?
1908 3316 2127 3397 Negat
2156 3316 2484 3399 improbus
2514 3326 2579 3380 et
2610 3326 2674 3380 te

738 3427 1046 3509 Neglegit
1078 3434 1191 3490 aut
1220 3425 1458 3488 horret.
1551 3423 1879 3487 Volteium
1910 3447 2099 3490 mane
2132 3427 2463 3510 Philippus

738 3540 918 3603 Vilia
946 3539 1326 3601 vendentem
1357 3536 1648 3599 tunicato
1679 3544 1894 3598 scruta
1921 3539 2170 3619 popello
2654 3541 2739 3601 65

309 3684 375 3713 m.
393 3673 456 3720 su.
472 3670 653 3712 E.1.10.
674 3671 711 3710 1.
741 3652 1031 3733 Occupat
1063 3658 1128 3712 et
1159 3648 1397 3711 salvere
1421 3647 1610 3729 jubet
1640 3646 1834 3728 prior.
1924 3648 2047 3711 Ille
2080 3649 2376 3733 Philippo

739 3763 1061 3824 Excusare
1090 3758 1373 3822 laborem
1407 3765 1473 3820 et
1503 3757 1896 3819 mercenaria
1923 3757 2153 3836 vincla,

742 3871 932 3935 Quod
962 3892 1094 3933 non
1123 3890 1311 3932 mane
1342 3868 1604 3931 domum
1638 3866 1929 3944 venisset,
1964 3867 2261 3951 denique,
2296 3870 2463 3953 quod
2496 3892 2623 3932 non

743 3981 1131 4044 Providisset
1162 4002 1329 4043 eum.
1424 3978 1531 4040 Sic
1561 3977 1876 4058 ignovisse
1909 3988 2134 4059 putato

746 4094 860 4156 Mc
892 4092 1031 4170 tibi,
1065 4092 1117 4153 si
1150 4112 1339 4153 cenas
1369 4088 1560 4151 hodic
1590 4108 1862 4150 mecum.
1957 4090 2054 4152 Ut
2082 4090 2260 4154 libet.
2353 4093 2525 4174 Ergo
2659 4098 2744 4156 70

1507 4262 1588 4309 60.
1623 4276 1976 4322 quencumque.
