3025 4776
359 251 386 304 ι
402 252 469 305 12
1196 247 1262 319 Q.
1307 247 1624 304 HORATJ
1669 248 1956 305 FLAool

959 416 1109 495 Vel,
1142 437 1292 479 cum
1325 416 1633 481 decorum
1664 416 1932 480 mitibus
1960 416 2164 500 pomis
2194 424 2385 501 caput

1045 530 1420 593 Autumnus
1450 529 1619 611 agris
1663 528 1914 606 extulit,

961 640 1059 703 Ut
1091 637 1326 721 gaudet
1355 638 1615 702 insitiva
1644 638 1986 722 decerpens
2015 638 2176 722 pira,

360 791 422 819 ιο.
444 777 491 819 c.
513 778 551 819 a.
571 778 609 819 ε.
630 777 694 819 12.
1049 750 1420 813 Certantem
1452 758 1520 814 et
1550 771 1739 812 uvam
1767 770 2087 833 purpurae,
2698 749 2786 812 20

964 858 1114 925 Qua
1144 866 1521 923 muneretur
1551 868 1637 938 te,
1670 860 1920 942 Priape,
1953 867 2020 923 et
2048 866 2134 939 te,
2167 868 2349 943 pater

1048 969 1324 1049 Siliano,
1357 978 1535 1034 tutor
1564 971 1812 1035 finium.

957 1083 1152 1147 Libet
1173 1084 1408 1166 jacere,
1440 1082 1635 1146 modo
1664 1083 1783 1146 sub
1815 1083 2078 1166 antiqua.
2099 1083 2263 1161 ilice,

361 1238 421 1276 2⁴,
445 1224 491 1267 c,
512 1225 550 1266 2,
570 1226 608 1266 3,
627 1227 668 1266 ο,
1016 1202 1021 1209 '
1045 1193 1245 1257 Modo
1273 1194 1344 1257 in
1373 1194 1582 1257 tenaci
1612 1194 1899 1276 gramine
1925 1220 1938 1258 ε

959 1302 1301 1366 Labuntur
1331 1304 1476 1367 altis
1507 1304 1766 1366 interim
1797 1304 1950 1387 ripis
1980 1326 2179 1386 aquae,
2699 1306 2780 1366 25

1049 1414 1424 1479 Queruntur
1453 1415 1521 1476 in
1551 1415 1723 1478 silvis
1754 1436 1919 1491 aveS,

958 1523 1319 1605 Fontesque
1350 1525 1627 1607 lymphis
1658 1526 2034 1607 obstrepunt
2064 1525 2497 1601 manantibus,

362 1679 457 1720 «μω,
480 1667 521 1709 s,
544 1669 579 1708 1,
600 1669 637 1707 ⁶,
658 1669 721 1709 44,
1049 1636 1323 1698 Somnos
1354 1635 1524 1717 quod
1555 1636 1783 1698 invitet
1811 1637 1998 1698 leves.

364 1797 423 1831 ,0,
447 1784 635 1825 0410·
658 1784 721 1824 15,
960 1747 1054 1808 At
1084 1764 1231 1806 cum
1262 1744 1574 1806 Tonantis
1604 1766 1810 1806 annus
1840 1745 2144 1807 hibernus
2177 1747 2216 1807 J
2223 1745 2358 1807 ovis

1046 1853 1295 1917 Imbres
1326 1853 1628 1936 nivesque
1659 1863 2004 1937 comparat,
2699 1860 2786 1918 30

959 1970 1098 2031 Aut
1128 1966 1332 2029 trudit
1364 1966 1526 2029 acris
1553 1966 1705 2029 hinc
1736 1975 1800 2030 et
1831 1967 1982 2029 hinc
2013 1968 2218 2031 multa
2248 1987 2404 2031 canc

1045 2080 1253 2162 Apros
1282 2077 1351 2140 in
1382 2077 1698 2142 obstantis
1744 2077 1960 2160 plagas
1985 2104 2002 2155 ;

959 2192 1098 2253 Aut
1130 2191 1327 2253 amite
1356 2189 1479 2253 levi
1508 2210 1655 2251 rara
1682 2188 1893 2252 tendit
1921 2188 2105 2267 retia,

1047 2301 1277 2364 Turdis
1309 2300 1608 2364 edacibus
1637 2300 1814 2363 dolos
1838 2326 1856 2378 ς

961 2413 1268 2477 Pavidum
1278 2433 1400 2495 que
1431 2412 1735 2495 leporem,
1760 2420 1824 2474 et
1844 2395 2151 2475 advenam
2170 2412 2398 2495 laqueo
2416 2435 2659 2496 gruem,
2693 2418 2775 2476 35

1048 2528 1091 2590 J
1095 2526 1348 2590 ucunda
1370 2533 1584 2609 captat
1615 2527 1897 2610 praemia.
1915 2577 1930 2594 ,

965 2639 1127 2705 Quis
1156 2658 1287 2701 non
1315 2637 1651 2714 malarum,
1684 2660 1842 2721 quas
1873 2660 2052 2701 amor
2082 2660 2266 2702 curas
2306 2639 2586 2738 habet&-

1054 2750 1215 2812 Haec
1245 2750 1413 2812 inter
1441 2748 1839 2813 obliviscitur
1862 2748 1892 2810 ⁴?

359 2893 465 2943 pua.
489 2893 535 2933 c,
558 2895 596 2933 3.
618 2895 654 2932 5.
676 2893 739 2933 «ιι.
966 2859 1155 2927 Quod
1186 2860 1238 2922 si
1270 2859 1500 2942 pudica
1531 2858 1762 2921 mulier
1789 2858 1859 2921 in
1889 2866 2138 2941 partem
2160 2860 2345 2942 juvet

1049 2971 1333 3034 Domum
1365 2978 1557 3052 atque
1587 2969 1802 3032 dulces
1831 2970 2085 3048 liberos,
2701 2973 2786 3032 40

363 3090 743 3182 fofff'bc‘fffssiffl'
965 3081 1204 3145 Sabina
1235 3081 1460 3165 qualiS‚
1493 3088 1605 3143 aut
1634 3089 1892 3163 perusta
1923 3081 2160 3145 solibus

1050 3192 1335 3254 Pernicis
1367 3211 1525 3253 uxor
1554 3190 1770 3273 Apuli,

966 3303 1230 3365 Sacrum
1262 3301 1528 3365 vetustis
1558 3308 1843 3364 exstruat
1871 3301 2061 3383 lignis
2093 3301 2335 3381 focum,

1051 3412 1233 3474 Lassi
1263 3412 1381 3475 sub
1413 3412 1756 3475 adventum
1787 3412 1905 3474 viri
1926 3439 1946 3490 3

962 3523 1408 3604 Claudensque
1439 3524 1633 3587 textis
1664 3524 1944 3587 cratibus
1972 3524 2194 3588 laetum
2225 3545 2436 3609 pecus,
2702 3530 2782 3587 45

1050 3631 1351 3694 Distenta
1381 3633 1577 3695 siccet
1607 3633 1801 3696 ubera
1827 3659 1845 3711 3

366 3787 458 3828 λον,
481 3786 527 3826 ρ,
550 3788 586 3826 3¹
609 3785 671 3824 23,
694 3786 733 3825 3,
961 3744 1049 3807 Et
1078 3743 1281 3805 horna
1312 3742 1483 3807 dulci
1512 3744 1657 3806 vina
1688 3766 1984 3827 promens
2013 3745 2201 3824 doli0,

364 3893 429 3940 ⁴8·
453 3889 493 3927 s.
514 3889 551 3926 2.
571 3888 608 3926 2.
632 3887 718 3924 120.
1049 3855 1263 3937 Dapcs
1292 3853 1610 3938 inemptas
1642 3864 1901 3939 apparet
1927 3883 1940 3920 ε

363 4017 431 4054 ⁴9.
452 4017 513 4055 50,
537 4002 761 4050 s.2.2.22;
962 3967 1116 4030 Non
1146 3987 1250 4028 me
1282 3967 1564 4029 Lucrina
1582 3968 1868 4050 juverint
1897 3968 2246 4051 conchylia,

524 4053 577 4093 Μ’
601 4055 676 4102 ⁴²³
699 4052 761 4091 η’
1049 4076 1342 4157 Magisve
1376 4076 1700 4154 rhombus,
1736 4086 1848 4141 aut
1877 4080 2061 4156 scari,
2704 4082 2789 4142 50

793 4243 870 4289 18.
897 4240 1050 4287 arvis.
1187 4237 1266 4285 25.
1294 4238 1433 4286 rivis.
1536 4239 1618 4286 31.
1642 4253 1800 4286 acres.
1906 4241 1983 4287 32.
2011 4242 2296 4289 obstantes.
2380 4243 2462 4291 43.
2489 4257 2692 4290 sacrum
2717 4249 2785 4290 et·
