3025 4776
262 843 351 903 30

264 1396 387 1458 35-

263 1954 351 2014 40

264 2619 346 2679 45

266 3287 350 3348 50

265 3841 346 3901 55

980 346 1452 404 SATJRARUM
1524 347 1677 404 LIB.
1741 348 1832 406 II.
1889 347 2002 404 viii.
2572 350 2682 405 195

438 507 599 586 Nos,
630 508 916 590 inquam,
949 529 1250 574 cenamus
1279 532 1447 592 aves,
1476 510 1831 595 conchylia,
1862 512 2082 594 pisces,

441 619 668 701 Longe
698 618 1069 683 dissimilem
1099 631 1256 685 noto
1286 621 1564 685 celantia
1592 642 1820 685 sucum
1842 648 1862 699 3

438 730 536 793 Ut
564 729 664 793 vel
694 730 999 795 continuo
1027 731 1258 814 patuit,
1291 752 1438 796 cum
1468 732 1738 815 passeris
1770 740 1962 816 atque

438 842 781 924 Ingustata
806 841 968 905 mihi
997 851 1361 926 porrexerat
1388 844 1500 908 ilia
1529 843 1803 909 rhombi.

437 952 593 1016 Post
619 951 742 1016 hoc
772 973 876 1016 me
904 951 1122 1016 docuit
1150 954 1471 1019 melimela
1498 954 1730 1019 rubere
1758 955 2075 1019 minorem

436 1062 543 1127 Ad
571 1062 794 1126 lunam
824 1062 1109 1128 delecta:
1158 1065 1313 1147 quid
1341 1065 1466 1130 hoc
1495 1066 1772 1142 intersit,
1806 1066 1885 1130 ab
1913 1066 2053 1149 ipso

436 1172 737 1238 Audieris
766 1173 1013 1239 melius.
1102 1175 1272 1240 'I'um
1300 1176 1604 1240 Vibidius
1638 1177 1964 1240 Balatroni
1994 1202 2008 1240 ε

436 1284 576 1348 Nos
602 1284 730 1348 nisi
760 1284 1062 1349 damnose
1091 1286 1390 1365 bibimus,
1423 1286 1773 1350 moriemur
1800 1286 1992 1350 inulti
2015 1314 2030 1362 3

437 1395 525 1458 Et
556 1395 782 1459 calices
810 1396 1015 1480 poscit
1045 1397 1338 1480 majores.
1428 1398 1701 1462 Vertere
1731 1397 1934 1480 pallor
2281 1433 2346 1478 ³⁵·
2368 1426 2449 1477 Ep,
2468 1426 2593 1468 9‚33‚

435 1505 604 1569 Tum
632 1506 891 1590 parochi
919 1507 1146 1572 faciem
1175 1508 1265 1571 nil
1296 1508 1387 1572 sic
1417 1508 1765 1572 metuentis
1793 1515 1869 1570 ut
1899 1528 2074 1571 acres

437 1618 722 1695 Potores,
754 1617 854 1680 vel
883 1595 1053 1700 quod
1082 1617 1476 1681 maledicunt
1503 1617 1765 1681 liberius
1792 1617 1891 1681 vel

438 1726 704 1792 Fervida
733 1727 903 1812 quod
933 1727 1168 1792 subtile
1195 1729 1543 1792 exsurdant
1571 1728 1721 1792 vina
1747 1728 2054 1813 palatum.

437 1840 780 1903 Invertunt
809 1838 1107 1903 Allifanis
1136 1839 1381 1902 vinaria
1420 1846 1561 1903 tota.

436 1949 737 2016 Vibidius
766 1950 1176 2032 Balatroque,
1208 1949 1445 2014 secutis
1472 1949 1772 2013 omnibus
1795 1975 1813 2027 3
1859 1950 1976 2013 imi
2243 1959 2246 1960 ’
2280 1973 2375 2024 sne,
2393 1973 2443 2015 Ε.
2465 1975 2500 2016 ι.
2523 1975 2584 2016 ιε,
2614 1976 2675 2016 ιο.

437 2061 735 2125 Convivae
764 2061 915 2126 lecti
944 2061 1221 2124 nihilum
1249 2082 1527 2126 nocuere
1556 2061 1819 2144 lagenis.

434 2171 724 2236 Affertur
753 2171 1013 2254 squillas
1042 2170 1212 2236 inter
1239 2193 1528 2236 muraena
1555 2180 1853 2235 natantes

435 2284 519 2347 In
547 2282 769 2367 patina
796 2289 1103 2366 porrecta.
1196 2282 1332 2346 Sub
1362 2282 1484 2347 hoc
1524 2303 1709 2347 erus:
1761 2283 1923 2346 Haec
1975 2281 2253 2365 gravida,

778 2394 1013 2478 inquit,
1490 2425 1494 2430 ·

437 2507 641 2589 Capta
668 2511 785 2584 est,
818 2504 1095 2570 deterior
1122 2511 1267 2588 post
1295 2512 1553 2589 partum
1584 2525 1774 2568 carne
1804 2504 2043 2567 futura.

439 2616 565 2679 His
594 2614 868 2678 mixtum
892 2615 1000 2698 jus
1029 2622 1166 2678 est:
1216 2614 1382 2693 oleo,
1415 2613 1586 2697 quod
1608 2613 1817 2698 prima
1844 2612 2112 2677 Venafri
2289 2642 2389 2685 να.
2410 2644 2452 2685 s.
2471 2646 2510 2685 2.
2530 2646 2567 2685 4.
2587 2648 2651 2687 69.

435 2730 677 2794 Pressit
706 2729 907 2807 cella3
955 2750 1109 2812 garo
1136 2728 1216 2793 de
1245 2729 1413 2794 sucis
1442 2728 1632 2813 piscis
1665 2728 1891 2793 Hiberi
1914 2755 1934 2807 3

433 2841 607 2905 Vino
637 2840 1053 2923 quinquenni,
1084 2861 1306 2904 verum
1335 2840 1497 2904 citra
1526 2861 1702 2904 mare
1730 2847 1907 2918 nato,

435 2954 613 3019 Dum
643 2952 1209 3035 coquitur—cocto
1239 2951 1476 3017 Chium
1505 2951 1597 3016 sic
1626 2952 1942 3031 convenit,
1974 2959 2050 3015 ut
2080 2974 2210 3016 non

436 3065 583 3128 Hoc
634 3063 840 3147 magis
890 3063 1097 3127 ullum
1149 3062 1323 3127 aliud
1345 3062 1670 3147 3-pipere
1721 3063 1885 3142 albo,
1939 3084 2070 3127 non
2119 3064 2256 3127 sine

781 3182 983 3253 aceto,

437 3284 630 3352 Quod
658 3285 1169 3370 Methymnaeam
1199 3284 1357 3350 vitio
1387 3284 1730 3349 mutaverit
1753 3306 1965 3349 uvam.
2281 3314 2386 3353 me.
2408 3311 2449 3353 s.
2470 3313 2508 3353 2.
2527 3313 2564 3353 2.
2586 3315 2651 3356 58.

433 3397 676 3459 Erucas
704 3395 956 3473 virides,
985 3395 1196 3459 inulas
1227 3416 1345 3478 ego
1374 3395 1617 3479 primus
1649 3416 1896 3458 amaras
2281 3414 2370 3454 aaa.
2393 3413 2435 3454 s.
2455 3416 2493 3454 Β.
2513 3414 2551 3453 2.
2571 3415 2635 3458 ω.

433 3506 793 3571 Monstravi
821 3507 1164 3591 incoquere
1186 3532 1206 3584 3
1254 3506 1494 3570 inlutos
1525 3506 1835 3571 Curtillus
1864 3505 2145 3587 echinos,
2281 3530 2365 3570 inc.
2387 3529 2467 3585 sp.
2486 3532 2525 3573 a
2545 3531 2584 3572 ⁷.

434 3618 533 3682 Ut
560 3618 791 3689 melius
821 3617 1031 3681 muria
1058 3616 1229 3700 quod
1258 3624 1427 3682 testa
1456 3617 1707 3680 marina
1734 3616 2044 3681 remittat.

434 3728 693 3792 Interea
719 3747 1023 3812 suspensa.
1052 3748 1273 3811 graves
1302 3728 1506 3792 aulaea
1535 3727 1753 3791 ruinas

434 3838 517 3901 In
544 3838 833 3921 patinam
860 3838 1088 3915 fecere,
1120 3838 1443 3901 trahentia
1470 3837 1746 3921 pulveris
1775 3838 1901 3905 atri

435 3951 773 4016 Quantum
804 3970 934 4016 non
962 3948 1202 4032 Aquilo
1233 3947 1576 4031 Campanis
1606 3947 1841 4016 excitat
1871 3949 2059 4030 agris,

432 4060 574 4125 Nos
603 4061 814 4145 majus
843 4060 1048 4139 veriti,
1083 4066 1422 4153 posQuam
1451 4058 1616 4130 nihil
1646 4080 1780 4129 esse
1814 4060 2033 4143 pericli

430 4171 783 4248 SensimuS,
816 4170 1123 4253 erigimur
1149 4195 1168 4247 3
1218 4167 1429 4235 Rufus
1458 4169 1667 4255 posito
1695 4170 1920 4254 capite,
1952 4177 2029 4234 ut
2058 4171 2112 4233 si

660 4348 738 4395 43.
779 4347 809 4393 h
814 4363 948 4395 eeeee
1088 4346 1166 4393 44.
1208 4346 1477 4404 ?captast.
1614 4344 1692 4392 53.
1729 4362 1761 4405 q
1765 4360 1902 4392 iiiii
