3025 4776
319 254 391 312 72

314 441 375 482 ιγ.
396 430 445 472 ο.
466 432 504 470 z.
526 432 589 471 ιο.
609 431 674 472 22.

471 485 509 522 s.
533 482 568 523 1.
590 483 654 521 ω.

312 559 372 600 ιε.
394 557 443 599 c,
462 559 501 599 2.
522 560 559 599 2.
581 559 644 600 13.

312 670 372 709 ις.
394 658 585 700 0.1.1s.
609 660 671 702 ιο.

309 1391 372 1431 25.
394 1381 441 1421 C.
463 1382 501 1422 2.
520 1383 558 1421 2.
579 1382 618 1422 9.

310 1618 373 1658 27.
395 1607 444 1647 C.
464 1608 500 1648 1.
523 1608 561 1648 1.
579 1607 617 1646 9.

309 1712 370 1748 28.
391 1708 443 1748 E.
463 1708 499 1749 l.
520 1710 557 1748 2.
579 1696 654 1753 56⁴:

514 1760 577 1799 18.
596 1761 659 1798 98.

306 2317 371 2355 ³³·
393 2303 440 2345 C.
461 2305 498 2345 2.
518 2305 557 2344 6.
578 2303 641 2344 14.

307 3136 395 3166 vec.
418 3125 459 3167 8.
480 3127 517 3166 2.
538 3127 575 3167 2.
597 3126 684 3168 100.

305 3254 427 3306 uyq.
448 3254 495 3296 C.
509 3257 546 3296 2.
561 3256 623 3297 12.
637 3257 700 3297 22.

303 3368 369 3406 42.
392 3356 440 3396 C.
459 3358 497 3398 3.
516 3357 580 3396 24.
601 3357 664 3396 64.

306 3455 401 3497 ben.
424 3455 465 3496 Β.
486 3457 524 3498 2.
543 3457 581 3497 2.
603 3457 690 3497 120.

427 3507 477 3547 E.
501 3508 537 3547 1.
560 3508 597 3548 1.
617 3509 682 3547 89.

305 3582 392 3623 eat.
414 3581 462 3624 Ο.
483 3584 521 3624 8.
543 3581 580 3622 1.
600 3583 663 3622 26.

1159 253 1225 325 Q.
1271 254 1592 311 HORATI
1623 253 1912 311 FLACCI

1000 419 1406 481 Crescentem
1442 418 1736 500 sequitur
1764 439 1914 482 cura
1942 419 2303 502 pecuniam,

997 528 1453 614 Majorumque
1481 529 1703 593 fames.
1796 530 1839 593 J
1841 550 1955 593 ure
1983 530 2319 613 perhorrui

994 639 1159 702 Late
1188 640 1604 723 conspicuum
1635 639 1859 703 tollere
1888 641 2214 720 verticem,

1080 750 1429 829 Maecenas,
1463 751 1753 834 equitum
1786 750 1999 816 decus.
2617 782 2624 791 ·
2654 756 2741 816 20

994 886 1258 952 Quanto
1288 887 1557 970 quisque
1587 886 1707 951 sibi
1739 887 1924 970 plura
1949 887 2298 969 negaverit,

992 997 1099 1060 Ab
1130 997 1230 1060 dis
1259 997 1442 1081 plura
1469 997 1651 1060 feret.
1745 998 1860 1061 Nil
1890 998 2286 1081 cupientium

992 1107 1227 1170 Nudus
1256 1116 1463 1171 castra
1488 1116 1658 1191 peto,
1692 1114 1759 1172 et
1788 1108 2120 1191 transfuga
2148 1108 2418 1172 divitum

1082 1220 1305 1282 Partes
1332 1219 1621 1301 linquere
1651 1218 1854 1301 gestio
1877 1244 1897 1297 3
2078 1306 2082 1317 .

994 1347 1399 1430 Contemptae
1429 1348 1727 1411 dominus
1757 1349 2144 1432 splendidior
2171 1351 2285 1428 rei,
2649 1354 2732 1413 25

995 1457 1208 1523 Quam
1239 1458 1314 1535 si,
1349 1458 1660 1541 quidquid
1690 1467 1828 1535 arat
1856 1460 2131 1543 impiger
2160 1461 2433 1544 ApuluS,

994 1568 1333 1631 Occultare
1364 1568 1523 1630 meis
1553 1568 1798 1631 dicerer
1825 1569 2092 1648 horreis,

1077 1679 1353 1759 Magnas
1383 1678 1553 1740 inter
1580 1699 1732 1760 opes
1760 1679 1964 1762 inops·

992 1814 1182 1877 Purae
1212 1812 1383 1875 rivus
1412 1832 1616 1895 aquae,
1650 1812 1936 1894 silvaque
1956 1814 2259 1896 jugerum

994 1924 1374 2001 Paucorum,
1406 1931 1472 1986 et
1500 1922 1733 2006 segetis
1762 1930 1939 1986 certa
1966 1924 2123 1987 fides
2152 1920 2331 2001 meae,
2647 1932 2735 1990 30

993 2033 1373 2115 Fulgentem
1402 2032 1673 2116 imperio
1702 2033 1930 2096 fertilis
1958 2033 2194 2098 Africae

1078 2145 1271 2208 Fallit
1301 2153 1471 2208 sorte
1500 2144 1767 2208 beatior.

991 2262 1404 2364 Quamquam
1433 2302 1555 2344 nec
1586 2282 1874 2345 Calabrae
1905 2281 2096 2345 mella
2126 2281 2339 2344 ferunt
2370 2303 2538 2364 apeS‚

990 2393 1135 2456 Nec
1164 2394 1608 2478 Laestrygonia
1635 2394 1928 2457 Bacchus
1956 2394 2025 2456 in
2055 2393 2360 2477 amphora

992 2503 1380 2586 Languescit
1409 2504 1591 2582 mihi,
1625 2525 1744 2568 nec
1772 2504 2036 2588 pinguia
2068 2505 2336 2568 Gallicis
2647 2510 2730 2569 35

1081 2616 1395 2680 Crescunt
1423 2616 1655 2679 vellera
1683 2615 1957 2698 pascuis,
2263 2599 2268 2600 ἶ

993 2749 1376 2832 Importuna
1403 2755 1625 2812 tamen
1654 2749 2000 2832 Pauperies
2031 2749 2210 2812 abest
2232 2774 2252 2827 ;

989 2859 1153 2937 Nec,
1187 2860 1241 2923 si
1270 2860 1456 2944 plura
1485 2860 1698 2938 velim,
1729 2867 1806 2922 tu
1835 2859 1985 2922 dare
2017 2859 2309 2942 deneges.

991 2970 1338 3033 Contracto
1367 2970 1597 3032 melius
1626 2990 1817 3052 parva
1847 2969 2145 3053 cupidine
2655 3021 2662 3027 ,

1075 3079 1436 3162 Vectigalia
1463 3079 1807 3162 porrigam,
2642 3084 2728 3143 40

990 3214 1204 3280 Quam
1234 3213 1290 3276 si
1319 3211 1695 3297 Mygdoniis
1724 3233 1998 3295 regnum
2028 3213 2317 3298 Alyattei

988 3323 1246 3409 Campis
1277 3324 1666 3388 continuem.
1756 3322 1977 3387 Multa
2003 3324 2375 3406 petentibus

988 3436 1243 3498 Desunt
1272 3434 1518 3498 multa:
1565 3433 1729 3497 bene
1759 3440 1856 3497 est
1886 3433 1992 3496 cui
2021 3434 2201 3497 Deus
2230 3432 2467 3497 obtulit

1075 3545 1297 3622 Parca,
1331 3543 1500 3626 quod
1534 3544 1690 3606 satis
1719 3550 1839 3622 est,
1871 3564 2088 3608 manu.

1612 3883 1840 3947 XVII.

984 4015 1163 4094 AEm,
1193 4021 1444 4079 vetusto
1473 4016 1707 4079 nobilis
1737 4016 1816 4080 ab
1848 4016 2073 4094 Lam0‚

985 4125 1260 4193 Quando
1292 4133 1356 4190 ct
1387 4126 1627 4208 priores
1656 4125 1808 4190 hinc
1840 4126 2098 4190 Lamias
2127 4125 2343 4190 ferunt

1509 4263 1588 4308 43.
1618 4262 1639 4308 Ρ
1664 4263 1863 4313 benest.
1981 4276 1990 4282 ·
