3025 4776
362 260 473 319 174
1199 257 1264 330 Q.
1310 259 1625 317 HORATJ
1669 261 1958 318 FLACCJ

680 487 693 500 „
788 425 1119 489 Nimirum
1149 425 1413 490 insanus
1442 427 1661 510 paucis
1688 426 1999 506 videatur,
2031 448 2109 491 eo
2138 427 2310 510 quod
2658 433 2784 492 120

788 535 1078 598 Maxima
1103 556 1247 630 pars
1275 535 1612 599 hominum
1642 538 1866 601 morbo
1886 538 2172 621 jactatur
2200 538 2444 601 eodem.

366 667 453 697 ¹²²·
475 654 523 695 C·
540 655 580 695 2·
603 655 664 695 1⁴·
685 656 749 696 2⁵-
790 645 987 709 Filius
1016 652 1129 709 aut
1159 645 1351 709 etiam
1381 646 1521 710 haec
1549 647 1817 710 libertus
1846 656 1922 711 ut
1951 648 2166 712 ebibat
2192 648 2398 726 heres,

362 771 453 813 deo.
474 771 524 812 B.
545 773 583 811 2.
604 772 642 812 2.
662 772 724 812 ⁵2.
789 756 907 820 Dis
938 757 1195 820 inimice
1226 777 1440 835 senex,
1472 758 1803 821 custodis?
1894 760 1999 823 Ne
2027 759 2150 822 tibi
2179 759 2343 822 desit
2366 760 2396 821 ⁴?

791 868 1196 934 Quantulum
1225 869 1399 931 enim
1430 890 1699 950 summae
1729 870 2007 933 curtabit
2039 869 2308 952 quisque
2339 869 2607 945 dierum,

786 980 1048 1061 Ungere
1078 979 1130 1041 si
1162 979 1373 1043 caules
1402 980 1544 1043 oleo
1572 980 1831 1043 meliore
1862 987 2177 1064 caputque
2657 980 2777 1040 125

788 1090 1074 1172 Coeperis
1101 1089 1355 1172 impexa
1381 1089 1627 1153 foedum
1656 1090 2031 1172 porrigine?
2123 1091 2359 1166 Quare,

791 1201 862 1263 Si
894 1200 1139 1283 quidvis
1168 1200 1326 1263 satis
1356 1206 1472 1276 est,
1507 1201 1810 1284 perjuras,
1845 1200 2130 1283 surripiS,
2163 1201 2371 1264 aufers

791 1311 1142 1393 Undique?
1233 1312 1377 1374 Tun
1408 1311 1652 1373 sanus?
1742 1312 2059 1393 Populum
2089 1312 2141 1373 si
2174 1310 2414 1374 caedere
2444 1308 2608 1372 saxis
2693 1299 2697 1303 ’

791 1422 1070 1505 Incipias
1100 1441 1405 1497 servosve,
1439 1428 1554 1483 tuo
1584 1442 1741 1503 quos
1773 1442 1896 1484 aere
1925 1422 2187 1504 parariS,

791 1533 1105 1595 Insanum
1134 1539 1200 1594 te
1229 1551 1448 1593 omnes
1478 1531 1662 1614 pueri
1694 1531 2096 1613 clamentque
2126 1530 2388 1614 puellae:
2656 1531 2779 1590 130

790 1643 957 1705 Cum
988 1643 1215 1723 laquco
1244 1661 1508 1704 uxorem
1539 1642 1868 1704 interemis
1898 1651 2295 1722 matremque
2325 1661 2586 1715 venen0,

791 1753 1112 1816 Incolumi
1143 1753 1348 1834 capite
1378 1753 1495 1815 es?
1591 1751 1765 1818 Quid
1795 1752 2021 1814 enim?
2109 1753 2339 1832 Neque
2369 1757 2444 1811 tu
2472 1749 2593 1811 hoc
2624 1748 2778 1810 facis

1137 1861 1352 1944 Argis,

788 1974 930 2035 Nec
962 1971 1129 2035 ferro
1161 1980 1234 2033 ut
1265 1970 1527 2033 demens
1559 1969 1946 2051 genetricem
1978 1967 2210 2030 occidis
2240 1969 2522 2031 Orestes.

789 2086 894 2146 An
925 2090 999 2145 tu
1027 2082 1184 2145 reris
1214 2102 1361 2144 eum
1392 2081 1600 2143 occisa
1627 2079 1934 2143 insanisse
1974 2087 2259 2162 parente,
2495 2161 2500 2166 Ι

788 2194 886 2254 Ac
915 2212 1046 2254 non
1076 2198 1226 2254 ante
1256 2190 1441 2252 malis
1473 2189 1838 2252 dementem
1869 2197 2084 2252 actum
2116 2190 2347 2267 Furiis,
2371 2210 2562 2270 quam
2655 2189 2776 2249 135

790 2301 871 2363 In
901 2301 1127 2363 matris
1152 2300 1379 2383 jugulo
1408 2299 1650 2361 ferrum
1679 2299 1976 2382 tepefecit
2007 2309 2264 2362 acutum
2289 2301 2318 2362 P

790 2414 989 2490 Quin,
1022 2435 1099 2476 ex
1130 2435 1256 2496 quo
1285 2420 1381 2475 est
1409 2412 1669 2474 habitus
1699 2411 1871 2474 male
1904 2420 2065 2475 tutae
2095 2413 2331 2476 mentis
2361 2414 2642 2488 Orestes,

788 2524 901 2586 Nil
933 2546 1084 2587 sane
1115 2524 1265 2588 fecit
1298 2523 1468 2605 quod
1497 2529 1572 2586 tu
1602 2523 2063 2606 reprehendere
2108 2524 2346 2606 possis:

788 2636 941 2697 Non
972 2634 1260 2718 Pyladen
1287 2633 1458 2697 ferro
1485 2634 1721 2696 violare
1752 2655 2019 2698 aususve
2049 2654 2325 2698 sororem

788 2744 1133 2820 Electram,
1162 2748 1424 2805 tantum
1454 2742 1781 2805 maledicit
1809 2743 2064 2825 utrique
2094 2744 2378 2808 vocando
2659 2744 2782 2805 140

792 2855 982 2917 Hanc
1014 2854 1296 2931 Furiam,
1327 2852 1499 2915 hunc
1532 2851 1723 2929 aliud,
1749 2852 1943 2934 jussit
1974 2853 2142 2936 quod
2172 2852 2500 2936 splendida
2528 2854 2692 2916 bilis.

368 2986 748 3032 1⁴2.0.³.1o.2s.
792 2966 1043 3046 Pauper
1072 2962 1367 3044 Opimius
1399 2962 1647 3044 argenti
1678 2962 1869 3045 positi
1899 2962 2076 3026 intus
2106 2973 2172 3028 et
2203 2965 2362 3043 auri,

791 3073 921 3139 Qui
950 3073 1383 3136 Veientanum
1414 3072 1593 3135 festis
1622 3081 1840 3155 potare
1869 3073 2092 3138 diebus

397 3198 459 3227 ro.
484 3212 522 3226 ι·
573 3189 758 3280 '.²1¹¹⁶·‘.
789 3183 1115 3265 Campana
1149 3181 1374 3245 solitus
1404 3182 1599 3244 trulla
1628 3203 2023 3265 vappamque
2052 3185 2368 3266 profestiS,

790 3292 1133 3358 Quondam
1162 3292 1452 3374 lethargo
1483 3292 1709 3373 grandi
1741 3299 1838 3355 est
1869 3314 2224 3377 oppressus,
2255 3304 2330 3358 ut
2359 3297 2544 3359 heres
2656 3298 2778 3358 145

789 3405 830 3466 J
835 3426 938 3466 am
969 3403 1210 3467 circum
1240 3402 1480 3466 loculos
1510 3409 1575 3464 et
1605 3402 1809 3465 claves
1839 3402 2024 3466 laetus
2053 3426 2372 3486 ovansque

790 3514 1108 3576 Curreret.
1203 3512 1401 3575 Hunc
1434 3511 1720 3573 medicus
1752 3513 2029 3575 multum
2059 3514 2226 3576 celer
2256 3522 2448 3595 atque
2494 3516 2695 3578 fidelis

788 3624 1047 3686 Excitat
1075 3624 1199 3685 hoc
1231 3630 1414 3704 pacto
1441 3647 1454 3684 :
1502 3642 1792 3684 mensam
1820 3622 1971 3705 poni
1995 3623 2182 3704 jubet
2206 3630 2397 3705 atque

787 3732 1049 3797 Effundi
1080 3752 1293 3793 saccos
1320 3751 1752 3806 nummorum,
1783 3733 2079 3796 accedere
2108 3733 2319 3815 plures

794 3843 895 3907 Ad
927 3840 1389 3905 numerandum
1411 3867 1430 3918 3
1476 3840 1803 3903 hominem
1835 3843 1925 3905 sic
1957 3843 2147 3924 erigit
2169 3869 2189 3919 3
2240 3843 2416 3905 addit
2447 3851 2510 3906 et
2543 3843 2734 3905 illud:

789 3955 883 4017 Ni
915 3961 1029 4016 tua
1058 3950 1360 4027 custodis,
1393 3950 1613 4014 avidus
1635 3952 1769 4035 jam
1801 3953 1939 4016 haec
1970 3953 2214 4017 auferet
2244 3954 2447 4016 heres.
2659 3958 2777 4018 151

1054 4111 1165 4159 129.
1205 4125 1481 4171 servosque
1504 4114 1638 4168 tuos,
1669 4109 1778 4173 (Ο).
1938 4114 2049 4160 131.
2085 4113 2355 4170 interimis,
2379 4115 2508 4173 υηῖςι.

988 4180 1099 4225 132.
1135 4176 1353 4237 quidni}>
1390 4191 1556 4236 neque
1580 4178 1719 4223 enim
1742 4177 1853 4233 hoc,
1883 4179 2017 4225 Bent.
2214 4178 2324 4226 137.
2365 4179 2387 4225 P
2411 4184 2580 4239 quest.

1155 4244 1263 4290 139.
1301 4257 1526 4287 sororem
1551 4246 1648 4297 cst,
1680 4245 1812 4288 Rent.
1953 4244 2062 4289 145.
2098 4241 2121 4289 Ρ
2147 4244 2399 4302 grandim.
2514 4291 2524 4298 ,
