3025 4776
365 333 477 388 258

368 517 494 568 Amp.
517 516 563 571 C.
583 519 620 558 3.
642 518 703 557 11.
724 519 762 558 2.

521 567 572 608 Ε.
592 569 763 609 1.18.41.

264 1408 275 1422 ⁶
369 1418 483 1450 aar.
503 1408 612 1449 1221.
635 1408 670 1448 1.
689 1409 753 1448 64.

370 1949 462 1989 407.
482 1937 530 1978 C.
551 1939 588 1979 4.
608 1941 646 1980 8.
667 1940 730 1979 25.

362 2957 472 2996 pan.
496 2945 546 2986 E.
564 2946 598 2987 1.
618 2945 680 2986 is.
701 2945 765 2984 40.

366 3821 464 3862 min.
486 3820 536 3861 E.
559 3820 594 3860 l.
616 3820 678 3860 17.
699 3820 762 3860 26.

1204 327 1269 400 Q.
1314 324 1628 387 HORATJ
1672 324 1962 385 FLACCI

792 489 1023 554 Dictus
1051 496 1117 553 et
1147 490 1494 575 Amphion,
1523 491 1848 581 *Thebanae
1876 487 2168 554 conditor
2197 487 2382 568 arcis,

796 601 962 662 Saxa
988 621 1242 663 movere
1272 621 1429 664 sono
1457 601 1800 664 testudinis
1830 607 1896 664 et
1925 620 2110 683 prece
2138 597 2377 662 blanda
2657 600 2788 663 395

791 712 1043 774 Ducere
1075 731 1202 793 quo
1229 711 1441 774 vellet.
1533 711 1687 776 Fuit
1718 712 1855 774 haec
1884 710 2197 794 sapientia
2224 707 2570 793 quondam,

792 822 1060 887 Publica
1089 822 1348 905 privatis
1378 841 1725 899 secernere,
1757 841 1936 884 sacra
1963 821 2268 904 profanis,

792 930 1160 994 Concubitu
1186 929 1526 1012 prohibere
1553 951 1737 1009 vago,
1769 929 1920 992 dare
1942 929 2095 1011 jura
2123 928 2395 1007 maritis,

793 1039 1045 1123 Oppida
1073 1039 1306 1116 moliri,
1338 1040 1509 1122 leges
1538 1039 1817 1102 incidere
1845 1039 2024 1121 ligno
2049 1063 2065 1102 ε

794 1151 900 1214 Sic
929 1151 1138 1214 honor
1166 1158 1231 1213 et
1259 1171 1495 1213 nomen
1526 1149 1756 1213 divinis
1785 1149 2035 1212 vatibus
2066 1157 2260 1231 atque
2659 1151 2794 1211 400

793 1260 1201 1325 Carminibus
1230 1260 1423 1323 venit.
1517 1261 1675 1323 Post
1703 1259 1821 1323 hos
1850 1259 2122 1342 insignis
2153 1259 2478 1323 Homerus

792 1374 1211 1456 Tyrtaeusque
1241 1391 1449 1433 mares
1478 1370 1725 1433 animos
1753 1369 1823 1431 in
1853 1370 2098 1433 Martia
2123 1369 2293 1433 bella

790 1480 1101 1543 Versibus
1131 1479 1420 1555 exacuit3
1468 1478 1659 1541 dictae
1687 1498 1803 1561 per
1830 1478 2115 1542 carmina
2144 1487 2368 1558 sortes,

790 1592 876 1653 Et
908 1591 1054 1654 vitae
1085 1597 1440 1653 monstrata
1467 1588 1571 1652 via
1599 1597 1697 1652 est
1720 1614 1738 1666 3
1785 1595 1851 1651 et
1878 1589 2086 1671 gratia
2113 1610 2338 1670 regum

792 1700 1015 1763 Pieriis
1045 1706 1362 1782 temptata
1389 1698 1617 1776 modis,
1650 1698 1965 1782 ludusque
1994 1707 2283 1782 repertus
2654 1700 2787 1762 405

791 1812 880 1873 Et
909 1811 1245 1891 longorum
1277 1830 1544 1892 operum
1573 1809 1719 1873 finis
1747 1835 1760 1873 :
1808 1831 1891 1873 ne
1920 1810 2085 1874 forte
2116 1809 2343 1894 pudori

795 1921 895 1983 Sit
923 1920 1044 1984 tibi
1075 1920 1270 1982 Musa
1297 1920 1455 2003 lyrae
1483 1921 1679 1984 solers
1709 1927 1774 1983 et
1804 1928 2026 1984 cantor
2053 1921 2305 2004 Apollo.

792 2032 1052 2095 Natura
1080 2031 1259 2093 fieret
1286 2029 1606 2093 laudabile
1636 2051 1915 2110 carmen,
1949 2052 2029 2093 an
2060 2039 2217 2109 arte,

796 2141 1253 2207 Quaesitumst:
1301 2160 1421 2223 ego
1449 2162 1568 2204 nec
1597 2141 1884 2204 studium
1911 2142 2046 2205 sine
2077 2142 2272 2206 divite
2299 2163 2481 2220 vena,

792 2251 937 2315 Nec
965 2251 1123 2314 rude
1156 2251 1310 2333 quid
1338 2251 1540 2334 possit
1567 2251 1749 2315 video
1778 2251 2109 2333 ingenium
2130 2277 2151 2330 3
2199 2250 2459 2316 alterius
2487 2250 2579 2314 sic
2651 2253 2792 2315 410

793 2363 1019 2427 Altera
1048 2362 1252 2446 poscit
1281 2382 1469 2445 opem
1497 2382 1600 2426 res
1628 2369 1694 2426 et
1723 2363 2016 2445 conjurat
2045 2363 2268 2427 amice.

797 2474 929 2539 Qui
959 2473 1175 2536 studet
1204 2481 1488 2556 optatam
1512 2468 1703 2536 cursu
1733 2474 2103 2556 contingere
2132 2482 2393 2553 metam,

796 2583 1013 2647 Multa
1042 2584 1194 2647 tulit
1223 2583 1500 2667 fecitque
1533 2605 1710 2667 puer,
1742 2584 1994 2647 sudavit
2015 2593 2090 2648 et
2120 2585 2287 2663 alsit,

793 2694 1128 2758 Abstinuit
1157 2695 1410 2758 Venere
1441 2704 1508 2757 et
1537 2694 1686 2759 vino
1707 2721 1727 2772 3
1777 2695 1888 2779 qui
1921 2695 2154 2780 Pythia
2182 2702 2398 2759 cantat

794 2804 1079 2882 Tibicen,
1112 2804 1335 2868 didicit
1365 2805 1541 2888 prius
1568 2805 1992 2889 extimuitque
2022 2806 2424 2889 magistrum.
2659 2808 2790 2870 415

793 2915 936 2978 Nec
964 2915 1117 2977 satis
1148 2921 1245 2978 est
1274 2915 1508 2977 dixisse
1535 2940 1550 2978 ε
1598 2916 1740 2997 Ego
1771 2915 1934 2978 mira
1963 2920 2259 2999 poemata
2286 2937 2495 2999 pango
2520 2939 2540 2992 3

795 3026 1083 3110 Occupet
1111 3033 1469 3089 extremum
1499 3025 1781 3103 scabies3
1829 3026 1989 3089 mihi
2018 3034 2205 3110 turpe
2234 3025 2508 3109 relinqui
2537 3031 2636 3089 est

793 3139 898 3213 Et,
931 3136 1103 3219 quod
1130 3157 1260 3200 non
1291 3136 1507 3213 didici,
1540 3157 1694 3199 sane
1722 3136 1966 3200 nescire
1995 3136 2199 3200 fateri.

796 3250 891 3312 Ut
918 3268 1146 3331 praecO,
1178 3247 1260 3309 ad
1287 3268 1530 3310 merces
1556 3245 1814 3310 turbam
1847 3248 1959 3329 qui
1987 3248 2160 3330 cogit
2189 3247 2509 3326 emendas,

792 3359 1239 3421 Assentatores
1260 3356 1449 3439 jubet
1478 3357 1561 3419 ad
1587 3356 1839 3420 lucrum
1872 3358 1964 3420 ire
1993 3362 2181 3442 poeta
2659 3361 2793 3422 420

793 3469 987 3532 Dives
1019 3469 1206 3551 agris,
1238 3469 1412 3532 dives
1443 3469 1664 3552 positis
1695 3469 1762 3531 in
1791 3469 2010 3533 fenore
2040 3469 2343 3535 nummis.

795 3580 866 3643 Si
895 3600 1043 3643 vero
1072 3587 1190 3658 est,
1221 3589 1491 3643 unctum
1525 3579 1633 3661 qui
1662 3588 1834 3643 recte
1862 3601 2096 3663 ponere
2126 3581 2324 3664 possit

791 3692 881 3754 Et
911 3690 1216 3773 spondere
1245 3688 1368 3753 levi
1399 3711 1516 3773 pro
1549 3711 1819 3773 paupere
1849 3698 1915 3753 et
1946 3691 2188 3774 eripere
2218 3691 2377 3754 atris

793 3801 1047 3866 Litibus
1075 3801 1479 3883 implicitum,
1510 3797 1810 3876 mirabor,
1843 3799 1897 3863 si
1927 3800 2083 3864 sciet
2112 3801 2311 3865 inter-

792 3913 1075 3976 Noscere
1104 3909 1475 3973 mendacem
1505 3930 1854 3993 verumque
1884 3910 2108 3974 beatus
2138 3912 2438 3976 amicum.
2658 3915 2789 3977 425

791 4024 890 4085 Tu
919 4042 1033 4084 seu
1062 4020 1316 4083 donaris
1345 4040 1457 4083 seu
1489 4019 1643 4102 quid
1673 4019 1909 4084 donare
1938 4021 2110 4084 voles
2139 4022 2263 4099 cui,

791 4130 1017 4195 Nolito
1047 4128 1126 4191 ad
1156 4149 1372 4192 versus
1402 4128 1524 4191 tibi
1556 4128 1756 4193 factos
1787 4129 2017 4194 ducere
2049 4132 2311 4215 plenum

793 4267 906 4314 394.
944 4265 1098 4311 urbis.
1234 4265 1347 4313 404.
1385 4263 1591 4313 ?viast.
1742 4266 1859 4314 409.
1895 4268 2174 4325 quaesitum
2197 4278 2295 4317 cst.
2455 4268 2566 4315 410.
2605 4271 2789 4331 prosit.

794 4331 905 4379 416.
943 4346 1043 4377 non
1060 4351 1071 4388 3
1110 4345 1261 4378 nuuc.
1396 4329 1511 4379 417.
1537 4330 1559 4379 ἓ
1587 4331 1888 4391 relinquist3
1927 4336 2006 4380 ost
2031 4349 2122 4380 om.
2149 4335 2203 4382 B.
2225 4336 2273 4383 S.
2411 4337 2521 4382 21:22.
2551 4337 2572 4383 Ξ·
2599 4348 2794 4386 verost.
