<?xml version="1.0" encoding="UTF-8"?>
<!DOCTYPE html PUBLIC "-//W3C//DTD XHTML 1.0 Transitional//EN"
    "http://www.w3.org/TR/xhtml1/DTD/xhtml1-transitional.dtd">
<html xmlns="http://www.w3.org/1999/xhtml" xml:lang="en" lang="en">
 <head>
  <title>
</title>
<meta http-equiv="Content-Type" content="text/html;charset=utf-8" />
  <meta name='ocr-system' content='tesseract 3.04.00' />
  <meta name='ocr-capabilities' content='ocr_page ocr_carea ocr_par ocr_line ocrx_word'/>
</head>
<body>
  <div class='ocr_page' id='page_1' title='image "./quintihoratifla03horagoog_0281.png"; bbox 0 0 3025 4776; ppageno 0'>
   <div class='ocr_carea' id='block_1_1' title="bbox 1110 358 2585 430">
    <p class='ocr_par' dir='ltr' id='par_1_1' title="bbox 1110 358 2585 430">
     <span class='ocr_line' id='line_1_1' title="bbox 1110 358 2585 430; baseline 0.009 -15"><span class='ocrx_word' id='word_1_1' title='bbox 1110 358 1268 416; x_wconf 79' lang='lat' dir='ltr'><strong>ARS</strong></span> <span class='ocrx_word' id='word_1_2' title='bbox 1320 360 1687 421; x_wconf 74' lang='lat' dir='ltr'><strong>POETIOA.</strong></span> <span class='ocrx_word' id='word_1_3' title='bbox 2471 374 2585 430; x_wconf 79' lang='lat'><strong>249</strong></span> 
     </span>
    </p>
   </div>
   <div class='ocr_carea' id='block_1_2' title="bbox 196 512 2587 826">
    <p class='ocr_par' dir='ltr' id='par_1_2' title="bbox 196 512 2587 826">
     <span class='ocr_line' id='line_1_2' title="bbox 330 512 1961 600; baseline 0.005 -23"><span class='ocrx_word' id='word_1_4' title='bbox 330 512 642 578; x_wconf 81' lang='lat' dir='ltr'>Versibus</span> <span class='ocrx_word' id='word_1_5' title='bbox 671 513 904 599; x_wconf 81' lang='lat' dir='ltr'>exponi</span> <span class='ocrx_word' id='word_1_6' title='bbox 932 516 1194 600; x_wconf 79' lang='lat' dir='ltr'><strong>tragicis</strong></span> <span class='ocrx_word' id='word_1_7' title='bbox 1222 539 1322 582; x_wconf 87' lang='lat' dir='ltr'><strong>res</strong></span> <span class='ocrx_word' id='word_1_8' title='bbox 1352 520 1598 584; x_wconf 87' lang='lat' dir='ltr'><strong>comica</strong></span> <span class='ocrx_word' id='word_1_9' title='bbox 1624 541 1756 585; x_wconf 94' lang='lat' dir='ltr'><strong>non</strong></span> <span class='ocrx_word' id='word_1_10' title='bbox 1786 521 1919 587; x_wconf 87' lang='lat' dir='ltr'><strong>volt</strong></span> <span class='ocrx_word' id='word_1_11' title='bbox 1941 546 1961 600; x_wconf 98' lang='lat'>3</span> 
     </span>
     <span class='ocr_line' id='line_1_3' title="bbox 196 624 1744 713; baseline 0.005 -25"><span class='ocrx_word' id='word_1_12' title='bbox 196 627 287 688; x_wconf 93' lang='grc'><strong>90</strong></span> <span class='ocrx_word' id='word_1_13' title='bbox 332 624 722 709; x_wconf 79' lang='lat' dir='ltr'><strong>Indignatur</strong></span> <span class='ocrx_word' id='word_1_14' title='bbox 749 626 907 692; x_wconf 89' lang='lat' dir='ltr'><strong>item</strong></span> <span class='ocrx_word' id='word_1_15' title='bbox 937 627 1200 710; x_wconf 87' lang='lat' dir='ltr'><strong>privatis</strong></span> <span class='ocrx_word' id='word_1_16' title='bbox 1229 649 1304 692; x_wconf 89' lang='lat' dir='ltr'><strong>ac</strong></span> <span class='ocrx_word' id='word_1_17' title='bbox 1332 650 1529 713; x_wconf 84' lang='lat' dir='ltr'>prope</span> <span class='ocrx_word' id='word_1_18' title='bbox 1558 653 1744 710; x_wconf 64' lang='lat' dir='ltr'><strong>equa&gt;</strong></span> 
     </span>
     <span class='ocr_line' id='line_1_4' title="bbox 332 735 2587 826; baseline 0.008 -28"><span class='ocrx_word' id='word_1_19' title='bbox 332 735 568 820; x_wconf 82' lang='lat' dir='ltr'><strong>Dignis</strong></span> <span class='ocrx_word' id='word_1_20' title='bbox 597 736 986 801; x_wconf 80' lang='lat' dir='ltr'><strong>carminibus</strong></span> <span class='ocrx_word' id='word_1_21' title='bbox 1016 739 1259 803; x_wconf 86' lang='lat' dir='ltr'><strong>narrari</strong></span> <span class='ocrx_word' id='word_1_22' title='bbox 1290 761 1451 804; x_wconf 85' lang='lat' dir='ltr'><strong>cena</strong></span> <span class='ocrx_word' id='word_1_23' title='bbox 1478 743 1797 826; x_wconf 63' lang='lat' dir='ltr'><strong>Thyestae.</strong></span> <span class='ocrx_word' id='word_1_24' title='bbox 2191 771 2587 824; x_wconf 70' lang='lat' dir='ltr'><strong>Yk5.c.1.1s.17.</strong></span> 
     </span>
    </p>
   </div>
   <div class='ocr_carea' id='block_1_3' title="bbox 330 847 2033 1042">
    <p class='ocr_par' dir='ltr' id='par_1_3' title="bbox 330 847 2033 1042">
     <span class='ocr_line' id='line_1_5' title="bbox 331 847 2033 931; baseline 0.006 -22"><span class='ocrx_word' id='word_1_25' title='bbox 331 847 600 930; x_wconf 84' lang='lat' dir='ltr'><strong>Singula</strong></span> <span class='ocrx_word' id='word_1_26' title='bbox 628 868 895 931; x_wconf 88' lang='lat' dir='ltr'><strong>quaeque</strong></span> <span class='ocrx_word' id='word_1_27' title='bbox 922 848 1136 912; x_wconf 85' lang='lat' dir='ltr'><strong>locum</strong></span> <span class='ocrx_word' id='word_1_28' title='bbox 1165 856 1430 914; x_wconf 83' lang='lat' dir='ltr'><strong>teneant</strong></span> <span class='ocrx_word' id='word_1_29' title='bbox 1458 852 1686 915; x_wconf 88' lang='lat' dir='ltr'><strong>sortita</strong></span> <span class='ocrx_word' id='word_1_30' title='bbox 1714 852 2033 919; x_wconf 89' lang='lat' dir='ltr'><strong>decenter.</strong></span> 
     </span>
     <span class='ocr_line' id='line_1_6' title="bbox 330 958 1825 1042; baseline 0.003 -21"><span class='ocrx_word' id='word_1_31' title='bbox 330 958 670 1021; x_wconf 84' lang='lat' dir='ltr'><strong>Interdum</strong></span> <span class='ocrx_word' id='word_1_32' title='bbox 699 964 915 1023; x_wconf 87' lang='lat' dir='ltr'><strong>tamen</strong></span> <span class='ocrx_word' id='word_1_33' title='bbox 948 965 1014 1021; x_wconf 90' lang='lat' dir='ltr'><strong>et</strong></span> <span class='ocrx_word' id='word_1_34' title='bbox 1043 979 1263 1022; x_wconf 87' lang='lat' dir='ltr'><strong>vocem</strong></span> <span class='ocrx_word' id='word_1_35' title='bbox 1293 960 1608 1024; x_wconf 87' lang='lat' dir='ltr'><strong>comoedia</strong></span> <span class='ocrx_word' id='word_1_36' title='bbox 1634 963 1825 1042; x_wconf 90' lang='lat' dir='ltr'><strong>tollit,</strong></span> 
     </span>
    </p>
   </div>
   <div class='ocr_carea' id='block_1_4' title="bbox 164 1068 2596 4248">
    <p class='ocr_par' dir='ltr' id='par_1_4' title="bbox 164 1068 2596 4248">
     <span class='ocr_line' id='line_1_7' title="bbox 331 1068 2515 1154; baseline 0.005 -23"><span class='ocrx_word' id='word_1_37' title='bbox 331 1068 675 1151; x_wconf 87' lang='lat' dir='ltr'><strong>Iratusque</strong></span> <span class='ocrx_word' id='word_1_38' title='bbox 706 1068 1015 1133; x_wconf 78' lang='lat' dir='ltr'><strong>Chremes</strong></span> <span class='ocrx_word' id='word_1_39' title='bbox 1043 1068 1293 1133; x_wconf 91' lang='lat' dir='ltr'><strong>tumido</strong></span> <span class='ocrx_word' id='word_1_40' title='bbox 1323 1069 1618 1154; x_wconf 79' lang='lat' dir='ltr'><strong>delitigat</strong></span> <span class='ocrx_word' id='word_1_41' title='bbox 1648 1093 1755 1136; x_wconf 90' lang='lat' dir='ltr'><strong>ore</strong></span> <span class='ocrx_word' id='word_1_42' title='bbox 1777 1098 1797 1151; x_wconf 99' lang='lat'>3</span> <span class='ocrx_word' id='word_1_43' title='bbox 2185 1110 2250 1151; x_wconf 75' lang='lat'><strong>⁹⁴·</strong></span> <span class='ocrx_word' id='word_1_44' title='bbox 2272 1099 2314 1141; x_wconf 87' lang='lat' dir='ltr'><strong>s.</strong></span> <span class='ocrx_word' id='word_1_45' title='bbox 2336 1099 2374 1139; x_wconf 90' lang='lat'><strong>1.</strong></span> <span class='ocrx_word' id='word_1_46' title='bbox 2393 1100 2431 1140; x_wconf 50' lang='grc' dir='ltr'><strong>ι</strong></span> <span class='ocrx_word' id='word_1_47' title='bbox 2451 1100 2515 1141; x_wconf 79' lang='lat'><strong>48.</strong></span> 
     </span>
     <span class='ocr_line' id='line_1_8' title="bbox 199 1177 2456 1267; baseline 0.003 -25"><span class='ocrx_word' id='word_1_48' title='bbox 199 1177 285 1243; x_wconf 82' lang='lat'><strong>95</strong></span> <span class='ocrx_word' id='word_1_49' title='bbox 332 1179 420 1242; x_wconf 88' lang='lat' dir='ltr'><strong>Et</strong></span> <span class='ocrx_word' id='word_1_50' title='bbox 447 1178 731 1261; x_wconf 87' lang='lat' dir='ltr'><strong>tragicus</strong></span> <span class='ocrx_word' id='word_1_51' title='bbox 758 1179 1131 1263; x_wconf 90' lang='lat' dir='ltr'><strong>plerumque</strong></span> <span class='ocrx_word' id='word_1_52' title='bbox 1160 1179 1335 1244; x_wconf 89' lang='lat' dir='ltr'><strong>dolet</strong></span> <span class='ocrx_word' id='word_1_53' title='bbox 1364 1202 1659 1248; x_wconf 76' lang='lat' dir='ltr'><strong>sermone</strong></span> <span class='ocrx_word' id='word_1_54' title='bbox 1686 1182 1988 1267; x_wconf 70' lang='lat' dir='ltr'><strong>pedestri.</strong></span> <span class='ocrx_word' id='word_1_55' title='bbox 2451 1207 2456 1214; x_wconf 73' lang='grc'><strong>’</strong></span> 
     </span>
     <span class='ocr_line' id='line_1_9' title="bbox 334 1288 2524 1377; baseline 0 -24"><span class='ocrx_word' id='word_1_56' title='bbox 334 1288 650 1373; x_wconf 77' lang='lat' dir='ltr'><strong>Telephus</strong></span> <span class='ocrx_word' id='word_1_57' title='bbox 680 1296 746 1353; x_wconf 90' lang='lat' dir='ltr'><strong>et</strong></span> <span class='ocrx_word' id='word_1_58' title='bbox 775 1289 1027 1368; x_wconf 87' lang='lat' dir='ltr'><strong>Peleus,</strong></span> <span class='ocrx_word' id='word_1_59' title='bbox 1059 1309 1208 1353; x_wconf 90' lang='lat' dir='ltr'><strong>cum</strong></span> <span class='ocrx_word' id='word_1_60' title='bbox 1236 1311 1475 1375; x_wconf 84' lang='lat' dir='ltr'><strong>pauper</strong></span> <span class='ocrx_word' id='word_1_61' title='bbox 1503 1300 1569 1356; x_wconf 89' lang='lat' dir='ltr'><strong>et</strong></span> <span class='ocrx_word' id='word_1_62' title='bbox 1599 1294 1779 1357; x_wconf 87' lang='lat' dir='ltr'><strong>exsul</strong></span> <span class='ocrx_word' id='word_1_63' title='bbox 1806 1301 2075 1377; x_wconf 88' lang='lat' dir='ltr'><strong>uterque</strong></span> <span class='ocrx_word' id='word_1_64' title='bbox 2190 1314 2278 1356; x_wconf 72' lang='lat' dir='ltr'><strong>m.</strong></span> <span class='ocrx_word' id='word_1_65' title='bbox 2301 1313 2524 1365; x_wconf 76' lang='lat' dir='ltr'><strong>sp.1⁷.s.</strong></span> 
     </span>
     <span class='ocr_line' id='line_1_10' title="bbox 332 1400 2576 1498; baseline 0.004 -34"><span class='ocrx_word' id='word_1_66' title='bbox 332 1400 579 1464; x_wconf 86' lang='lat' dir='ltr'><strong>Proicit</strong></span> <span class='ocrx_word' id='word_1_67' title='bbox 608 1400 919 1498; x_wconf 58' lang='lat' dir='ltr'><strong>aufflpllas</strong></span> <span class='ocrx_word' id='word_1_68' title='bbox 949 1407 1015 1465; x_wconf 90' lang='lat' dir='ltr'><strong>et</strong></span> <span class='ocrx_word' id='word_1_69' title='bbox 1044 1401 1508 1485; x_wconf 86' lang='lat' dir='ltr'><strong>sesquipedalia</strong></span> <span class='ocrx_word' id='word_1_70' title='bbox 1535 1404 1749 1483; x_wconf 85' lang='lat' dir='ltr'><strong>verba,</strong></span> <span class='ocrx_word' id='word_1_71' title='bbox 2186 1440 2302 1481; x_wconf 64' lang='lat' dir='ltr'><strong>amp.</strong></span> <span class='ocrx_word' id='word_1_72' title='bbox 2323 1429 2373 1471; x_wconf 75' lang='lat' dir='ltr'><strong>s.</strong></span> <span class='ocrx_word' id='word_1_73' title='bbox 2395 1429 2433 1471; x_wconf 87' lang='lat'><strong>1.</strong></span> <span class='ocrx_word' id='word_1_74' title='bbox 2452 1431 2491 1471; x_wconf 81' lang='lat'><strong>³.</strong></span> <span class='ocrx_word' id='word_1_75' title='bbox 2513 1429 2576 1472; x_wconf 78' lang='lat'><strong>14.</strong></span> 
     </span>
     <span class='ocr_line' id='line_1_11' title="bbox 337 1511 1783 1598; baseline 0.003 -24"><span class='ocrx_word' id='word_1_76' title='bbox 337 1511 409 1574; x_wconf 92' lang='lat' dir='ltr'><strong>Si</strong></span> <span class='ocrx_word' id='word_1_77' title='bbox 439 1518 622 1575; x_wconf 87' lang='lat' dir='ltr'><strong>curat</strong></span> <span class='ocrx_word' id='word_1_78' title='bbox 652 1532 762 1575; x_wconf 89' lang='lat' dir='ltr'><strong>cor</strong></span> <span class='ocrx_word' id='word_1_79' title='bbox 789 1512 1137 1595; x_wconf 86' lang='lat' dir='ltr'><strong>spectantis</strong></span> <span class='ocrx_word' id='word_1_80' title='bbox 1165 1513 1453 1597; x_wconf 86' lang='lat' dir='ltr'><strong>tetigisse</strong></span> <span class='ocrx_word' id='word_1_81' title='bbox 1483 1516 1783 1598; x_wconf 80' lang='lat' dir='ltr'><strong>querella.</strong></span> 
     </span>
     <span class='ocr_line' id='line_1_12' title="bbox 335 1621 2111 1712; baseline 0.004 -28"><span class='ocrx_word' id='word_1_82' title='bbox 335 1621 489 1684; x_wconf 91' lang='lat' dir='ltr'><strong>Non</strong></span> <span class='ocrx_word' id='word_1_83' title='bbox 519 1621 675 1684; x_wconf 89' lang='lat' dir='ltr'><strong>satis</strong></span> <span class='ocrx_word' id='word_1_84' title='bbox 702 1630 800 1685; x_wconf 88' lang='lat' dir='ltr'><strong>est</strong></span> <span class='ocrx_word' id='word_1_85' title='bbox 828 1622 1098 1705; x_wconf 84' lang='lat' dir='ltr'><strong>pulchra</strong></span> <span class='ocrx_word' id='word_1_86' title='bbox 1126 1644 1261 1687; x_wconf 86' lang='lat' dir='ltr'><strong>esse</strong></span> <span class='ocrx_word' id='word_1_87' title='bbox 1289 1628 1587 1712; x_wconf 63' lang='lat' dir='ltr'><strong>poemata</strong></span> <span class='ocrx_word' id='word_1_88' title='bbox 1609 1651 1629 1704; x_wconf 94' lang='lat'>3</span> <span class='ocrx_word' id='word_1_89' title='bbox 1676 1625 1888 1690; x_wconf 84' lang='lat' dir='ltr'><strong>dulcia</strong></span> <span class='ocrx_word' id='word_1_90' title='bbox 1917 1635 2111 1691; x_wconf 90' lang='lat' dir='ltr'><strong>sunto</strong></span> 
     </span>
     <span class='ocr_line' id='line_1_13' title="bbox 164 1732 2055 1821; baseline 0.005 -27"><span class='ocrx_word' id='word_1_91' title='bbox 164 1732 292 1794; x_wconf 92' lang='lat'><strong>100</strong></span> <span class='ocrx_word' id='word_1_92' title='bbox 336 1732 424 1795; x_wconf 88' lang='lat' dir='ltr'><strong>Et</strong></span> <span class='ocrx_word' id='word_1_93' title='bbox 454 1751 858 1815; x_wconf 90' lang='lat' dir='ltr'><strong>quocumque</strong></span> <span class='ocrx_word' id='word_1_94' title='bbox 886 1734 1103 1797; x_wconf 87' lang='lat' dir='ltr'><strong>volent</strong></span> <span class='ocrx_word' id='word_1_95' title='bbox 1132 1735 1417 1799; x_wconf 86' lang='lat' dir='ltr'><strong>animum</strong></span> <span class='ocrx_word' id='word_1_96' title='bbox 1449 1736 1759 1811; x_wconf 81' lang='lat' dir='ltr'><strong>auditoris</strong></span> <span class='ocrx_word' id='word_1_97' title='bbox 1789 1746 2055 1821; x_wconf 85' lang='lat' dir='ltr'><strong>agunto.</strong></span> 
     </span>
     <span class='ocr_line' id='line_1_14' title="bbox 339 1841 1874 1923; baseline 0.003 -17"><span class='ocrx_word' id='word_1_98' title='bbox 339 1843 435 1906; x_wconf 93' lang='lat' dir='ltr'><strong>Ut</strong></span> <span class='ocrx_word' id='word_1_99' title='bbox 463 1841 820 1907; x_wconf 87' lang='lat' dir='ltr'><strong>ridentibus</strong></span> <span class='ocrx_word' id='word_1_100' title='bbox 850 1844 1154 1923; x_wconf 85' lang='lat' dir='ltr'><strong>arrident,</strong></span> <span class='ocrx_word' id='word_1_101' title='bbox 1185 1845 1278 1908; x_wconf 86' lang='lat' dir='ltr'><strong>ita</strong></span> <span class='ocrx_word' id='word_1_102' title='bbox 1305 1846 1609 1910; x_wconf 88' lang='lat' dir='ltr'><strong>flentibus</strong></span> <span class='ocrx_word' id='word_1_103' title='bbox 1639 1847 1874 1911; x_wconf 86' lang='lat' dir='ltr'><strong>adsunt</strong></span> 
     </span>
     <span class='ocr_line' id='line_1_15' title="bbox 338 1952 1973 2034; baseline 0.004 -19"><span class='ocrx_word' id='word_1_104' title='bbox 338 1952 629 2015; x_wconf 83' lang='lat' dir='ltr'><strong>Humani</strong></span> <span class='ocrx_word' id='word_1_105' title='bbox 660 1953 911 2018; x_wconf 85' lang='lat' dir='ltr'><strong>vultus:</strong></span> <span class='ocrx_word' id='word_1_106' title='bbox 958 1954 1012 2017; x_wconf 94' lang='lat' dir='ltr'><strong>si</strong></span> <span class='ocrx_word' id='word_1_107' title='bbox 1041 1954 1133 2018; x_wconf 85' lang='lat' dir='ltr'><strong>vis</strong></span> <span class='ocrx_word' id='word_1_108' title='bbox 1162 1975 1267 2018; x_wconf 88' lang='lat' dir='ltr'><strong>me</strong></span> <span class='ocrx_word' id='word_1_109' title='bbox 1298 1955 1467 2034; x_wconf 89' lang='lat' dir='ltr'><strong>flere,</strong></span> <span class='ocrx_word' id='word_1_110' title='bbox 1499 1955 1845 2020; x_wconf 89' lang='lat' dir='ltr'><strong>dolendum</strong></span> <span class='ocrx_word' id='word_1_111' title='bbox 1875 1965 1973 2022; x_wconf 88' lang='lat' dir='ltr'><strong>est</strong></span> 
     </span>
     <span class='ocr_line' id='line_1_16' title="bbox 338 2063 2108 2147; baseline 0.003 -22"><span class='ocrx_word' id='word_1_112' title='bbox 338 2063 627 2126; x_wconf 91' lang='lat' dir='ltr'><strong>Primum</strong></span> <span class='ocrx_word' id='word_1_113' title='bbox 658 2063 780 2147; x_wconf 91' lang='lat' dir='ltr'><strong>ipsi</strong></span> <span class='ocrx_word' id='word_1_114' title='bbox 807 2063 964 2142; x_wconf 91' lang='lat' dir='ltr'><strong>tibi3</strong></span> <span class='ocrx_word' id='word_1_115' title='bbox 1012 2071 1169 2127; x_wconf 91' lang='lat' dir='ltr'><strong>tunc</strong></span> <span class='ocrx_word' id='word_1_116' title='bbox 1198 2071 1313 2128; x_wconf 87' lang='lat' dir='ltr'><strong>tua</strong></span> <span class='ocrx_word' id='word_1_117' title='bbox 1342 2085 1445 2128; x_wconf 91' lang='lat' dir='ltr'><strong>me</strong></span> <span class='ocrx_word' id='word_1_118' title='bbox 1475 2064 1828 2129; x_wconf 83' lang='lat' dir='ltr'><strong>infortunia</strong></span> <span class='ocrx_word' id='word_1_119' title='bbox 1854 2065 2108 2146; x_wconf 70' lang='lat' dir='ltr'><strong>laedent,</strong></span> 
     </span>
     <span class='ocr_line' id='line_1_17' title="bbox 337 2173 2084 2259; baseline 0.002 -22"><span class='ocrx_word' id='word_1_120' title='bbox 337 2173 614 2257; x_wconf 84' lang='lat' dir='ltr'><strong>Telephe</strong></span> <span class='ocrx_word' id='word_1_121' title='bbox 643 2175 742 2237; x_wconf 84' lang='lat' dir='ltr'><strong>vel</strong></span> <span class='ocrx_word' id='word_1_122' title='bbox 773 2174 973 2238; x_wconf 89' lang='lat' dir='ltr'><strong>Peleu</strong></span> <span class='ocrx_word' id='word_1_123' title='bbox 998 2200 1013 2238; x_wconf 77' lang='grc' dir='ltr'><strong><em>ε</em></strong></span> <span class='ocrx_word' id='word_1_124' title='bbox 1060 2175 1226 2239; x_wconf 84' lang='lat' dir='ltr'><strong>male</strong></span> <span class='ocrx_word' id='word_1_125' title='bbox 1255 2175 1310 2239; x_wconf 90' lang='lat' dir='ltr'><strong>si</strong></span> <span class='ocrx_word' id='word_1_126' title='bbox 1340 2175 1645 2239; x_wconf 83' lang='lat' dir='ltr'><strong>mandata</strong></span> <span class='ocrx_word' id='word_1_127' title='bbox 1673 2175 1971 2259; x_wconf 88' lang='lat' dir='ltr'><strong>loqueris,</strong></span> <span class='ocrx_word' id='word_1_128' title='bbox 2079 2197 2084 2200; x_wconf 89' lang='lat'>·</span> 
     </span>
     <span class='ocr_line' id='line_1_18' title="bbox 170 2284 1930 2351; baseline 0.001 -4"><span class='ocrx_word' id='word_1_129' title='bbox 170 2284 292 2347; x_wconf 90' lang='lat'><strong>105</strong></span> <span class='ocrx_word' id='word_1_130' title='bbox 338 2285 476 2347; x_wconf 90' lang='lat' dir='ltr'><strong>Aut</strong></span> <span class='ocrx_word' id='word_1_131' title='bbox 503 2284 865 2348; x_wconf 85' lang='lat' dir='ltr'><strong>dormitabo</strong></span> <span class='ocrx_word' id='word_1_132' title='bbox 893 2294 1007 2349; x_wconf 84' lang='lat' dir='ltr'><strong>aut</strong></span> <span class='ocrx_word' id='word_1_133' title='bbox 1035 2284 1277 2350; x_wconf 86' lang='lat' dir='ltr'><strong>ridebo.</strong></span> <span class='ocrx_word' id='word_1_134' title='bbox 1369 2286 1604 2351; x_wconf 87' lang='lat' dir='ltr'><strong>Tristia</strong></span> <span class='ocrx_word' id='word_1_135' title='bbox 1632 2293 1930 2350; x_wconf 83' lang='lat' dir='ltr'><strong>maestum</strong></span> 
     </span>
     <span class='ocr_line' id='line_1_19' title="bbox 338 2396 1989 2481; baseline 0.003 -23"><span class='ocrx_word' id='word_1_136' title='bbox 338 2396 612 2459; x_wconf 88' lang='lat' dir='ltr'><strong>Voltum</strong></span> <span class='ocrx_word' id='word_1_137' title='bbox 641 2396 843 2460; x_wconf 27' lang='lat' dir='ltr'><strong>verba.</strong></span> <span class='ocrx_word' id='word_1_138' title='bbox 862 2396 1112 2475; x_wconf 89' lang='lat' dir='ltr'><strong>decent,</strong></span> <span class='ocrx_word' id='word_1_139' title='bbox 1145 2397 1384 2461; x_wconf 89' lang='lat' dir='ltr'><strong>iratum</strong></span> <span class='ocrx_word' id='word_1_140' title='bbox 1413 2398 1604 2481; x_wconf 86' lang='lat' dir='ltr'><strong>plena</strong></span> <span class='ocrx_word' id='word_1_141' title='bbox 1643 2398 1989 2478; x_wconf 88' lang='lat' dir='ltr'><strong>minarum,</strong></span> 
     </span>
     <span class='ocr_line' id='line_1_20' title="bbox 342 2508 1733 2587; baseline -0.001 -14"><span class='ocrx_word' id='word_1_142' title='bbox 342 2508 707 2573; x_wconf 87' lang='lat' dir='ltr'><strong>Ludentem</strong></span> <span class='ocrx_word' id='word_1_143' title='bbox 735 2508 990 2587; x_wconf 79' lang='lat' dir='ltr'><strong>lasciva,</strong></span> <span class='ocrx_word' id='word_1_144' title='bbox 1022 2529 1310 2572; x_wconf 85' lang='lat' dir='ltr'><strong>severum</strong></span> <span class='ocrx_word' id='word_1_145' title='bbox 1341 2508 1504 2572; x_wconf 87' lang='lat' dir='ltr'><strong>seria</strong></span> <span class='ocrx_word' id='word_1_146' title='bbox 1533 2508 1733 2572; x_wconf 85' lang='lat' dir='ltr'><strong>dictu.</strong></span> 
     </span>
     <span class='ocr_line' id='line_1_21' title="bbox 339 2620 2020 2704; baseline -0.001 -20"><span class='ocrx_word' id='word_1_147' title='bbox 339 2621 604 2684; x_wconf 86' lang='lat' dir='ltr'><strong>Format</strong></span> <span class='ocrx_word' id='word_1_148' title='bbox 634 2620 807 2683; x_wconf 90' lang='lat' dir='ltr'><strong>enim</strong></span> <span class='ocrx_word' id='word_1_149' title='bbox 838 2628 1067 2684; x_wconf 82' lang='lat' dir='ltr'><strong>natura</strong></span> <span class='ocrx_word' id='word_1_150' title='bbox 1094 2620 1270 2704; x_wconf 89' lang='lat' dir='ltr'><strong>prius</strong></span> <span class='ocrx_word' id='word_1_151' title='bbox 1298 2641 1416 2684; x_wconf 89' lang='lat' dir='ltr'><strong>nos</strong></span> <span class='ocrx_word' id='word_1_152' title='bbox 1445 2620 1623 2684; x_wconf 85' lang='lat' dir='ltr'><strong>intus</strong></span> <span class='ocrx_word' id='word_1_153' title='bbox 1653 2620 1735 2684; x_wconf 86' lang='lat' dir='ltr'><strong>ad</strong></span> <span class='ocrx_word' id='word_1_154' title='bbox 1763 2640 2020 2684; x_wconf 88' lang='lat' dir='ltr'><strong>omnem</strong></span> 
     </span>
     <span class='ocr_line' id='line_1_22' title="bbox 342 2729 2116 2814; baseline -0.001 -20"><span class='ocrx_word' id='word_1_155' title='bbox 342 2731 776 2794; x_wconf 86' lang='lat' dir='ltr'><strong>Fortunarum</strong></span> <span class='ocrx_word' id='word_1_156' title='bbox 806 2730 1102 2795; x_wconf 87' lang='lat' dir='ltr'><strong>habitum</strong></span> <span class='ocrx_word' id='word_1_157' title='bbox 1126 2757 1144 2808; x_wconf 88' lang='lat'>3</span> <span class='ocrx_word' id='word_1_158' title='bbox 1183 2731 1370 2814; x_wconf 86' lang='lat' dir='ltr'><strong>juvat</strong></span> <span class='ocrx_word' id='word_1_159' title='bbox 1400 2738 1512 2794; x_wconf 87' lang='lat' dir='ltr'><strong>aut</strong></span> <span class='ocrx_word' id='word_1_160' title='bbox 1541 2730 1813 2814; x_wconf 90' lang='lat' dir='ltr'><strong>impellit</strong></span> <span class='ocrx_word' id='word_1_161' title='bbox 1841 2729 1921 2792; x_wconf 84' lang='lat' dir='ltr'><strong>ad</strong></span> <span class='ocrx_word' id='word_1_162' title='bbox 1951 2729 2116 2793; x_wconf 88' lang='lat' dir='ltr'><strong>iram</strong></span> 
     </span>
     <span class='ocr_line' id='line_1_23' title="bbox 171 2841 2032 2925; baseline -0.002 -18"><span class='ocrx_word' id='word_1_163' title='bbox 171 2844 298 2925; x_wconf 85' lang='lat'><strong>110</strong></span> <span class='ocrx_word' id='word_1_164' title='bbox 344 2844 481 2906; x_wconf 84' lang='lat' dir='ltr'><strong>Aut</strong></span> <span class='ocrx_word' id='word_1_165' title='bbox 511 2842 593 2905; x_wconf 87' lang='lat' dir='ltr'><strong>ad</strong></span> <span class='ocrx_word' id='word_1_166' title='bbox 620 2841 893 2905; x_wconf 91' lang='lat' dir='ltr'><strong>humum</strong></span> <span class='ocrx_word' id='word_1_167' title='bbox 924 2862 1189 2907; x_wconf 83' lang='lat' dir='ltr'><strong>maerore</strong></span> <span class='ocrx_word' id='word_1_168' title='bbox 1220 2842 1397 2925; x_wconf 84' lang='lat' dir='ltr'><strong>gravi</strong></span> <span class='ocrx_word' id='word_1_169' title='bbox 1427 2841 1685 2906; x_wconf 87' lang='lat' dir='ltr'><strong>deducit</strong></span> <span class='ocrx_word' id='word_1_170' title='bbox 1714 2848 1781 2906; x_wconf 89' lang='lat' dir='ltr'><strong>et</strong></span> <span class='ocrx_word' id='word_1_171' title='bbox 1810 2841 1989 2924; x_wconf 83' lang='lat' dir='ltr'><strong>angit</strong></span> <span class='ocrx_word' id='word_1_172' title='bbox 2012 2865 2032 2919; x_wconf 97' lang='lat'>3</span> 
     </span>
     <span class='ocr_line' id='line_1_24' title="bbox 340 2952 1836 3035; baseline -0.001 -16"><span class='ocrx_word' id='word_1_173' title='bbox 340 2954 500 3019; x_wconf 86' lang='lat' dir='ltr'><strong>Post</strong></span> <span class='ocrx_word' id='word_1_174' title='bbox 531 2952 715 3017; x_wconf 83' lang='lat' dir='ltr'><strong>effert</strong></span> <span class='ocrx_word' id='word_1_175' title='bbox 747 2953 946 3016; x_wconf 87' lang='lat' dir='ltr'><strong>animi</strong></span> <span class='ocrx_word' id='word_1_176' title='bbox 976 2961 1189 3016; x_wconf 89' lang='lat' dir='ltr'><strong>motus</strong></span> <span class='ocrx_word' id='word_1_177' title='bbox 1219 2952 1566 3035; x_wconf 87' lang='lat' dir='ltr'><strong>interprete</strong></span> <span class='ocrx_word' id='word_1_178' title='bbox 1595 2952 1836 3035; x_wconf 88' lang='lat' dir='ltr'><strong>lingua.</strong></span> 
     </span>
     <span class='ocr_line' id='line_1_25' title="bbox 342 3061 1731 3141; baseline -0.001 -15"><span class='ocrx_word' id='word_1_179' title='bbox 342 3063 414 3126; x_wconf 90' lang='lat' dir='ltr'><strong>Si</strong></span> <span class='ocrx_word' id='word_1_180' title='bbox 445 3062 714 3127; x_wconf 86' lang='lat' dir='ltr'><strong>dicentis</strong></span> <span class='ocrx_word' id='word_1_181' title='bbox 745 3070 937 3127; x_wconf 91' lang='lat' dir='ltr'><strong>erunt</strong></span> <span class='ocrx_word' id='word_1_182' title='bbox 965 3062 1241 3126; x_wconf 87' lang='lat' dir='ltr'><strong>fortunis</strong></span> <span class='ocrx_word' id='word_1_183' title='bbox 1271 3062 1510 3126; x_wconf 84' lang='lat' dir='ltr'><strong>absona</strong></span> <span class='ocrx_word' id='word_1_184' title='bbox 1538 3061 1731 3141; x_wconf 85' lang='lat' dir='ltr'><strong>dicta,</strong></span> 
     </span>
     <span class='ocr_line' id='line_1_26' title="bbox 343 3172 1991 3256; baseline 0 -19"><span class='ocrx_word' id='word_1_185' title='bbox 343 3174 617 3237; x_wconf 85' lang='lat' dir='ltr'><strong>Romani</strong></span> <span class='ocrx_word' id='word_1_186' title='bbox 649 3173 880 3237; x_wconf 89' lang='lat' dir='ltr'><strong>tollent</strong></span> <span class='ocrx_word' id='word_1_187' title='bbox 909 3173 1158 3256; x_wconf 84' lang='lat' dir='ltr'><strong>equites</strong></span> <span class='ocrx_word' id='word_1_188' title='bbox 1186 3172 1560 3256; x_wconf 83' lang='lat' dir='ltr'><strong>peditesque</strong></span> <span class='ocrx_word' id='word_1_189' title='bbox 1589 3172 1991 3237; x_wconf 81' lang='lat' dir='ltr'><strong>cachinnum.</strong></span> 
     </span>
     <span class='ocr_line' id='line_1_27' title="bbox 345 3281 1929 3366; baseline -0.001 -20"><span class='ocrx_word' id='word_1_190' title='bbox 345 3283 649 3348; x_wconf 88' lang='lat' dir='ltr'><strong>Intererit</strong></span> <span class='ocrx_word' id='word_1_191' title='bbox 677 3284 957 3347; x_wconf 88' lang='lat' dir='ltr'><strong>multum</strong></span> <span class='ocrx_word' id='word_1_192' title='bbox 987 3283 1253 3347; x_wconf 83' lang='lat' dir='ltr'><strong>divusne</strong></span> <span class='ocrx_word' id='word_1_193' title='bbox 1281 3283 1581 3366; x_wconf 87' lang='lat' dir='ltr'><strong>loquatur</strong></span> <span class='ocrx_word' id='word_1_194' title='bbox 1610 3303 1694 3345; x_wconf 88' lang='lat' dir='ltr'><strong>an</strong></span> <span class='ocrx_word' id='word_1_195' title='bbox 1721 3281 1929 3361; x_wconf 87' lang='lat' dir='ltr'><strong>heros,</strong></span> 
     </span>
     <span class='ocr_line' id='line_1_28' title="bbox 171 3393 1890 3475; baseline -0.001 -19"><span class='ocrx_word' id='word_1_196' title='bbox 171 3394 296 3457; x_wconf 85' lang='lat'><strong>115</strong></span> <span class='ocrx_word' id='word_1_197' title='bbox 344 3394 729 3458; x_wconf 87' lang='lat' dir='ltr'><strong>Maturusne</strong></span> <span class='ocrx_word' id='word_1_198' title='bbox 759 3414 949 3457; x_wconf 86' lang='lat' dir='ltr'><strong>senex</strong></span> <span class='ocrx_word' id='word_1_199' title='bbox 980 3415 1064 3456; x_wconf 88' lang='lat' dir='ltr'><strong>an</strong></span> <span class='ocrx_word' id='word_1_200' title='bbox 1094 3393 1303 3457; x_wconf 87' lang='lat' dir='ltr'><strong>adhuc</strong></span> <span class='ocrx_word' id='word_1_201' title='bbox 1334 3393 1600 3457; x_wconf 90' lang='lat' dir='ltr'><strong>florente</strong></span> <span class='ocrx_word' id='word_1_202' title='bbox 1621 3393 1890 3475; x_wconf 87' lang='lat' dir='ltr'><strong>juventa</strong></span> 
     </span>
     <span class='ocr_line' id='line_1_29' title="bbox 344 3502 1978 3587; baseline -0.001 -21"><span class='ocrx_word' id='word_1_203' title='bbox 344 3503 672 3584; x_wconf 84' lang='lat' dir='ltr'><strong>Fervidus,</strong></span> <span class='ocrx_word' id='word_1_204' title='bbox 704 3511 771 3568; x_wconf 91' lang='lat' dir='ltr'><strong>et</strong></span> <span class='ocrx_word' id='word_1_205' title='bbox 800 3510 1097 3567; x_wconf 88' lang='lat' dir='ltr'><strong>matrona</strong></span> <span class='ocrx_word' id='word_1_206' title='bbox 1127 3511 1349 3587; x_wconf 90' lang='lat' dir='ltr'><strong>potens</strong></span> <span class='ocrx_word' id='word_1_207' title='bbox 1380 3525 1463 3567; x_wconf 88' lang='lat' dir='ltr'><strong>an</strong></span> <span class='ocrx_word' id='word_1_208' title='bbox 1492 3502 1712 3567; x_wconf 89' lang='lat' dir='ltr'><strong>sedula</strong></span> <span class='ocrx_word' id='word_1_209' title='bbox 1738 3503 1978 3581; x_wconf 86' lang='lat' dir='ltr'><strong>nutrix,</strong></span> 
     </span>
     <span class='ocr_line' id='line_1_30' title="bbox 343 3612 2596 3714; baseline -0.002 -37"><span class='ocrx_word' id='word_1_210' title='bbox 343 3613 753 3678; x_wconf 86' lang='lat' dir='ltr'><strong>Mercatorne</strong></span> <span class='ocrx_word' id='word_1_211' title='bbox 782 3635 983 3698; x_wconf 85' lang='lat' dir='ltr'><strong>vagus</strong></span> <span class='ocrx_word' id='word_1_212' title='bbox 1014 3614 1305 3678; x_wconf 89' lang='lat' dir='ltr'><strong>cultorne</strong></span> <span class='ocrx_word' id='word_1_213' title='bbox 1334 3614 1599 3677; x_wconf 83' lang='lat' dir='ltr'><strong>virentis</strong></span> <span class='ocrx_word' id='word_1_214' title='bbox 1628 3612 1839 3695; x_wconf 83' lang='lat' dir='ltr'><strong>agelli,</strong></span> <span class='ocrx_word' id='word_1_215' title='bbox 2200 3621 2354 3672; x_wconf 77' lang='lat'>117-0-</span> <span class='ocrx_word' id='word_1_216' title='bbox 2377 3623 2415 3664; x_wconf 84' lang='lat'><strong>1·</strong></span> <span class='ocrx_word' id='word_1_217' title='bbox 2437 3622 2596 3714; x_wconf 35' lang='lat'><strong>¹43.-</strong></span> 
     </span>
     <span class='ocr_line' id='line_1_31' title="bbox 346 3723 2023 3808; baseline -0.001 -20"><span class='ocrx_word' id='word_1_218' title='bbox 346 3723 623 3788; x_wconf 90' lang='lat' dir='ltr'><strong>Colchus</strong></span> <span class='ocrx_word' id='word_1_219' title='bbox 653 3745 736 3787; x_wconf 87' lang='lat' dir='ltr'><strong>an</strong></span> <span class='ocrx_word' id='word_1_220' title='bbox 764 3725 1089 3808; x_wconf 85' lang='lat' dir='ltr'><strong>Assyrius,</strong></span> <span class='ocrx_word' id='word_1_221' title='bbox 1120 3724 1358 3787; x_wconf 84' lang='lat' dir='ltr'><strong>Thebis</strong></span> <span class='ocrx_word' id='word_1_222' title='bbox 1387 3724 1670 3787; x_wconf 86' lang='lat' dir='ltr'><strong>nutritus</strong></span> <span class='ocrx_word' id='word_1_223' title='bbox 1700 3744 1783 3786; x_wconf 88' lang='lat' dir='ltr'><strong>an</strong></span> <span class='ocrx_word' id='word_1_224' title='bbox 1812 3723 2023 3806; x_wconf 86' lang='lat' dir='ltr'><strong>Argis.</strong></span> 
     </span>
     <span class='ocr_line' id='line_1_32' title="bbox 345 3812 2032 3917; baseline 0.001 -20"><span class='ocrx_word' id='word_1_225' title='bbox 345 3812 485 3898; x_wconf 88' lang='lat' dir='ltr'><strong>Aut</strong></span> <span class='ocrx_word' id='word_1_226' title='bbox 512 3833 749 3897; x_wconf 83' lang='lat' dir='ltr'><strong>famam</strong></span> <span class='ocrx_word' id='word_1_227' title='bbox 781 3855 1044 3917; x_wconf 85' lang='lat' dir='ltr'><strong>sequere</strong></span> <span class='ocrx_word' id='word_1_228' title='bbox 1074 3842 1189 3897; x_wconf 86' lang='lat' dir='ltr'><strong>aut</strong></span> <span class='ocrx_word' id='word_1_229' title='bbox 1217 3835 1338 3898; x_wconf 86' lang='lat' dir='ltr'><strong>sibi</strong></span> <span class='ocrx_word' id='word_1_230' title='bbox 1370 3833 1814 3899; x_wconf 80' lang='lat' dir='ltr'><strong>convenientia</strong></span> <span class='ocrx_word' id='word_1_231' title='bbox 1842 3835 2032 3917; x_wconf 88' lang='lat' dir='ltr'><strong>finge.</strong></span> 
     </span>
     <span class='ocr_line' id='line_1_33' title="bbox 173 3943 1994 4028; baseline -0.003 -16"><span class='ocrx_word' id='word_1_232' title='bbox 173 3948 307 4012; x_wconf 78' lang='lat'><strong>120</strong></span> <span class='ocrx_word' id='word_1_233' title='bbox 353 3944 639 4028; x_wconf 87' lang='lat' dir='ltr'><strong>Scriptor</strong></span> <span class='ocrx_word' id='word_1_234' title='bbox 667 3944 1055 4008; x_wconf 86' lang='lat' dir='ltr'><strong>honoratum</strong></span> <span class='ocrx_word' id='word_1_235' title='bbox 1086 3945 1140 4008; x_wconf 89' lang='lat' dir='ltr'><strong>si</strong></span> <span class='ocrx_word' id='word_1_236' title='bbox 1170 3945 1337 4008; x_wconf 88' lang='lat' dir='ltr'><strong>forte</strong></span> <span class='ocrx_word' id='word_1_237' title='bbox 1367 3944 1622 4027; x_wconf 85' lang='lat' dir='ltr'><strong>reponis</strong></span> <span class='ocrx_word' id='word_1_238' title='bbox 1652 3943 1994 4023; x_wconf 87' lang='lat' dir='ltr'><strong>Achillem,</strong></span> 
     </span>
     <span class='ocr_line' id='line_1_34' title="bbox 347 4054 2565 4138; baseline -0.001 -19"><span class='ocrx_word' id='word_1_239' title='bbox 347 4054 656 4138; x_wconf 88' lang='lat' dir='ltr'><strong>Impiger,</strong></span> <span class='ocrx_word' id='word_1_240' title='bbox 688 4054 1051 4133; x_wconf 88' lang='lat' dir='ltr'><strong>iracundus,</strong></span> <span class='ocrx_word' id='word_1_241' title='bbox 1084 4054 1515 4132; x_wconf 83' lang='lat' dir='ltr'><strong>inexorabilis,</strong></span> <span class='ocrx_word' id='word_1_242' title='bbox 1550 4073 1714 4133; x_wconf 87' lang='lat' dir='ltr'><strong>acer,</strong></span> <span class='ocrx_word' id='word_1_243' title='bbox 2205 4095 2292 4126; x_wconf 60' lang='grc' dir='ltr'><strong>ω,</strong></span> <span class='ocrx_word' id='word_1_244' title='bbox 2315 4084 2565 4127; x_wconf 69' lang='lat' dir='ltr'><strong>c,4,0,17,</strong></span> 
     </span>
     <span class='ocr_line' id='line_1_35' title="bbox 348 4163 1968 4248; baseline 0.001 -21"><span class='ocrx_word' id='word_1_245' title='bbox 348 4166 392 4227; x_wconf 86' lang='lat' dir='ltr'><strong>J</strong></span> <span class='ocrx_word' id='word_1_246' title='bbox 395 4184 514 4227; x_wconf 87' lang='lat' dir='ltr'><strong>ura</strong></span> <span class='ocrx_word' id='word_1_247' title='bbox 542 4171 733 4248; x_wconf 86' lang='lat' dir='ltr'><strong>neget</strong></span> <span class='ocrx_word' id='word_1_248' title='bbox 761 4165 881 4228; x_wconf 86' lang='lat' dir='ltr'><strong>sibi</strong></span> <span class='ocrx_word' id='word_1_249' title='bbox 911 4172 1084 4243; x_wconf 83' lang='lat' dir='ltr'><strong>nata,</strong></span> <span class='ocrx_word' id='word_1_250' title='bbox 1116 4163 1279 4226; x_wconf 91' lang='lat' dir='ltr'><strong>nihil</strong></span> <span class='ocrx_word' id='word_1_251' title='bbox 1308 4185 1437 4227; x_wconf 92' lang='lat' dir='ltr'><strong>non</strong></span> <span class='ocrx_word' id='word_1_252' title='bbox 1470 4172 1724 4247; x_wconf 86' lang='lat' dir='ltr'><strong>arroget</strong></span> <span class='ocrx_word' id='word_1_253' title='bbox 1755 4165 1968 4229; x_wconf 87' lang='lat' dir='ltr'><strong>armis.</strong></span> 
     </span>
    </p>
   </div>
   <div class='ocr_carea' id='block_1_5' title="bbox 207 4297 2139 4415">
    <p class='ocr_par' dir='ltr' id='par_1_5' title="bbox 207 4297 2139 4415">
     <span class='ocr_line' id='line_1_36' title="bbox 207 4297 2139 4364; baseline -0.001 -16"><span class='ocrx_word' id='word_1_254' title='bbox 207 4298 291 4359; x_wconf 53' lang='lat'><strong>97,</strong></span> <span class='ocrx_word' id='word_1_255' title='bbox 326 4299 550 4364; x_wconf 82' lang='lat' dir='ltr'><strong>projicit.</strong></span> <span class='ocrx_word' id='word_1_256' title='bbox 689 4300 799 4349; x_wconf 83' lang='lat'><strong>101.</strong></span> <span class='ocrx_word' id='word_1_257' title='bbox 834 4300 1045 4348; x_wconf 78' lang='lat' dir='ltr'><strong>adflent.</strong></span> <span class='ocrx_word' id='word_1_258' title='bbox 1182 4297 1294 4345; x_wconf 86' lang='lat'><strong>102.</strong></span> <span class='ocrx_word' id='word_1_259' title='bbox 1332 4297 1728 4348; x_wconf 76' lang='lat' dir='ltr'><strong>i’dolendumst.</strong></span> <span class='ocrx_word' id='word_1_260' title='bbox 1863 4299 1976 4349; x_wconf 86' lang='grc'>103.</span> <span class='ocrx_word' id='word_1_261' title='bbox 2010 4301 2139 4347; x_wconf 81' lang='lat' dir='ltr'><strong>tum.</strong></span> 
     </span>
     <span class='ocr_line' id='line_1_37' title="bbox 711 4362 1689 4415; baseline -0.003 -2"><span class='ocrx_word' id='word_1_262' title='bbox 711 4366 824 4415; x_wconf 86' lang='lat'><strong>114.</strong></span> <span class='ocrx_word' id='word_1_263' title='bbox 861 4366 1121 4415; x_wconf 72' lang='lat' dir='ltr'><strong>Davusne.</strong></span> <span class='ocrx_word' id='word_1_264' title='bbox 1256 4362 1370 4413; x_wconf 79' lang='lat'><strong>116.</strong></span> <span class='ocrx_word' id='word_1_265' title='bbox 1403 4377 1689 4414; x_wconf 61' lang='lat' dir='ltr'><strong>summan.</strong></span> 
     </span>
    </p>
   </div>
  </div>
 </body>
</html>
