3025 4776
276 318 348 373 36

288 2378 325 2422 ς.
346 2368 394 2410 e.
411 2370 448 2410 3.
470 2367 533 2409 11.
552 2368 592 2409 9.

291 2684 381 2725 lud.
402 2683 449 2724 C.
471 2685 508 2724 3.
529 2683 590 2722 15.
614 2683 691 2731 123

174 2743 184 2751 ·
540 2733 601 2772 18.
624 2735 662 2771 9.

305 3470 363 3506 ι4.
387 3457 437 3496 Α.
461 3454 506 3495 Ρ.
528 3453 614 3493 175.

1072 309 1136 382 ρ.
1181 308 1499 366 HORATJ
1533 306 1823 363 FLAOCJ

961 472 1164 537 Crede
1194 494 1326 535 non
1356 471 1535 533 illam
1563 470 1681 534 tibi
1712 470 1790 533 de
1809 469 2088 533 >scelesta

961 583 1157 647 Plebe
1188 583 1499 646 delectam
1520 608 1560 658 5·
1590 601 1796 663 neque
1826 580 1916 643 sie
1946 579 2219 658 fidelem,

965 696 1073 759 Sic
1105 695 1281 757 luero
1312 714 1616 767 aversam,
1649 691 1931 774 potuisse
1959 692 2137 754 nasci

1308 804 1527 868 Matre
1557 801 1873 886 pudenda.

963 953 1239 1017 Brachia
1268 961 1334 1015 et
1363 953 1614 1015 vultum
1644 952 1988 1034 teretisque
2019 973 2197 1014 suras

964 1065 1226 1147 Integer
1253 1064 1479 1128 laudo:
1528 1062 1678 1145 fuge
1707 1063 2033 1145 suspicari,

965 1177 1168 1260 Cujus
1199 1185 1497 1239 octavum
1530 1174 1869 1258 trepidavit
1899 1183 2053 1237 aetas

1313 1286 1626 1351 Claudere
1655 1286 1954 1348 lustrum.

1666 1703 1749 1764 V.

972 1853 1285 1916 NoNDUM
1316 1850 1580 1913 subacta
1613 1850 1775 1912 ferre
1799 1849 2030 1932 jugum
2060 1850 2231 1913 valet

975 1963 1256 2039 Cerviee,
1288 1962 1576 2025 nondum
1607 1961 1831 2024 munia
1860 1961 2171 2043 comparis

1059 2075 1366 2156 AEquare,
1399 2064 1519 2136 nee
1548 2072 1717 2135 tauri
1747 2072 1993 2135 ruentis

1146 2183 1233 2248 In
1262 2186 1584 2247 Venerem
1613 2183 1883 2247 tolerare
1913 2182 2181 2266 pondus.

976 2335 1165 2400 Circa
1191 2333 1453 2397 virentis
1484 2339 1583 2396 est
1612 2332 1862 2396 animus
1890 2338 2023 2395 tuae
2131 2348 2134 2349 ’

977 2448 1254 2528 Campos
1277 2446 1590 2528 juvencae,
1623 2465 1797 2506 nunc
1826 2442 2033 2505 fluviis
2064 2462 2320 2524 gravem

1067 2557 1349 2621 Solantis
1379 2563 1634 2634 aestum,
1667 2577 1841 2618 nune
1871 2555 1940 2617 'm
1971 2553 2100 2616 udo

1150 2668 1404 2733 Ludere
1434 2689 1583 2731 cum
1613 2667 1835 2730 vitulis
1865 2666 2090 2729 salicto

979 2815 1475 2898 PraegestientiS.
1567 2814 1746 2877 Tolle
1778 2813 2146 2895 cupidinem

982 2927 1265 2991 Immitis
1295 2947 1434 2988 uvae
1461 2951 1474 2987 :
1517 2926 1655 3006 jam
1685 2923 1808 2986 tibi
1838 2923 2062 2986 lividos

1067 3041 1439 3123 Distinguet
1469 3041 1843 3101 Autumnus
1872 3057 2157 3100 racemos

1158 3155 1485 3235 Purpureo
1514 3148 1724 3210 varius
1753 3147 1982 3210 colore.

986 3305 1027 3367 J
1032 3324 1136 3365 am
1165 3308 1230 3364 te
1261 3306 1600 3381 sequetur:
1649 3295 1852 3358 currit
1882 3294 2055 3358 enim
2084 3296 2261 3359 ferox

987 3415 1194 3490 AEtas,
1226 3420 1292 3474 et
1322 3409 1438 3487 illi,
1472 3428 1630 3491 quos
1660 3406 1780 3470 tibi
1813 3405 2178 3489 dempserit,

1071 3526 1372 3607 Apponet
1403 3542 1638 3585 annos:
1680 3519 1818 3602 jam
1850 3527 2143 3601 proterva

1160 3635 1400 3698 Fronte
1429 3639 1608 3715 petet
1639 3631 1880 3712 Lalage
1909 3630 2218 3692 maritum
2245 3653 2259 3691 ε

989 3783 1263 3860 Dilecta,
1296 3788 1612 3864 quantum
1642 3800 1774 3842 non
1804 3777 2047 3842 Pholoe
2078 3776 2290 3859 fugax,

987 3895 1145 3958 Non
1176 3892 1430 3956 Chloris
1460 3891 1606 3953 albo
1637 3890 1728 3952 sic
1758 3889 2027 3952 humero
2058 3887 2292 3964 nitenS,

1077 4008 1173 4070 Ut
1206 4025 1365 4087 pura
1394 4010 1712 4066 nocturno
1742 4000 1994 4065 renidet

1168 4117 1361 4180 Luna
1389 4113 1578 4191 mari,
1611 4112 1958 4177 Cnidiusve
1991 4112 2248 4195 Gyges3

1204 4315 1267 4349 iv.
1304 4305 1384 4349 21.
1421 4305 1628 4349 tei-etue.
1855 4311 1901 4346 v,
1940 4299 1983 4345 5.
2021 4298 2266 4345 virentes.

2617 807 2704 867 20

2639 2928 2720 2987 10

2644 3522 2722 3582 15

2645 4114 2732 4174 20
