3025 4776
361 1788 444 1851 10

365 2371 444 2434 15

364 2955 453 3017 20

371 3562 511 3624 25*

1072 277 1517 338 CARMINUM
1590 277 1743 333 LIB.
1790 277 1910 332 III.
1958 274 2031 331 xi.

1286 583 1408 647 XI.

606 728 960 800 Msncmu,
992 742 1143 786 nam
1172 726 1239 783 te
1269 716 1491 781 docilis
1521 715 1829 799 magistro

609 841 825 905 Movit
854 834 1184 920 Amphion
1210 830 1452 915 lapides
1482 829 1791 906 canendo,

608 952 855 1036 Tuque,
887 944 1194 1022 TestudO,
1223 961 1522 1006 resonare
1552 947 1800 1023 septem

958 1055 1208 1123 Callida
1244 1051 1479 1130 nervis,
1729 1030 1752 1043 θ

610 1198 754 1263 Nec
780 1195 1015 1278 loquax
1046 1190 1202 1255 olim
1231 1208 1439 1271 neque
1470 1191 1678 1269 grata,
1708 1205 1885 1248 nunc
1914 1191 1980 1248 et

611 1308 908 1374 Divitum
936 1302 1176 1368 mensis
1205 1307 1272 1364 et
1303 1298 1507 1363 amica
1535 1296 1834 1380 templis:

612 1419 736 1483 Dic
765 1415 1011 1492 modos,
1043 1412 1226 1497 Lyde
1258 1408 1489 1493 quibus
1519 1405 1876 1471 obstinatas

957 1527 1261 1613 Applicet
1292 1523 1483 1588 auris.

617 1674 804 1750 Quae,
834 1670 1009 1734 velut
1036 1665 1186 1730 latis
1216 1685 1381 1747 equa
1407 1662 1603 1725 trima
1631 1658 1892 1743 campis,

616 1781 816 1849 Ludit
846 1777 1147 1844 exsultim
1176 1774 1542 1855 metuitque
1571 1770 1775 1853 tangi,

616 1893 1011 1977 Nuptiarum
1042 1908 1265 1971 expers
1294 1892 1362 1949 et
1392 1883 1600 1947 adhuc
1628 1888 1923 1965 protervo

965 1997 1185 2064 Cruda
1212 1995 1467 2059 marito,

619 2144 720 2207 Tu
748 2147 927 2227 potes
956 2138 1155 2223 tigres
1185 2134 1578 2216 comitesque
1606 2131 1794 2194 silvas

619 2235 896 2329 Ducere,
928 2256 995 2314 et
1022 2248 1189 2312 rivos
1220 2245 1455 2310 celeres
1484 2241 1723 2306 morari
1745 2266 1765 2319 3

621 2363 831 2430 Cessit
856 2357 1160 2426 immanis
1189 2356 1307 2421 tibi
1336 2351 1695 2419 blandienti

970 2472 1013 2536 J
1017 2469 1226 2534 anitor
1255 2466 1418 2531 aulae

621 2611 960 2687 Cerberus,
993 2603 1283 2689 quamvis
1312 2599 1544 2665 furiale
1574 2604 1836 2663 centum

620 2722 933 2789 Muniant
962 2736 1204 2802 angues
1235 2721 1428 2797 caput
1456 2712 1617 2796 ejus,
1649 2716 1841 2793 atque

626 2835 905 2920 Spiritus
932 2837 1101 2894 teter
1129 2826 1462 2909 saniesque
1491 2827 1714 2886 manet

972 2941 1104 3005 Ore
1131 2935 1444 3019 trilingui.

628 3081 805 3151 Quin
835 3086 901 3143 et
931 3075 1123 3141 Ixion
1151 3073 1503 3157 Tityosque
1534 3066 1712 3130 voltu

628 3194 799 3261 Risit
826 3190 1029 3256 invito
1057 3213 1071 3251 z
1119 3183 1300 3249 stetit
1328 3202 1495 3245 urna
1522 3177 1789 3262 paulum

630 3306 837 3383 Sicca,
867 3301 1024 3365 dum
1054 3291 1238 3381 grato
1269 3291 1487 3356 Danai
1517 3288 1761 3375 puellas

975 3406 1277 3476 Carmine
1307 3402 1569 3467 mulces.

631 3549 877 3618 Audiat
904 3543 1087 3631 Lyde
1117 3540 1323 3605 scelus
1354 3545 1549 3619 atque
1577 3539 1763 3596 notas

630 3662 981 3747 Virginum
1010 3676 1253 3742 peenas,
1284 3658 1351 3716 et
1378 3650 1568 3714 inane
1597 3642 1876 3730 lymphae
1920 3633 1929 3643 ’

632 3774 897 3841 Dolium
925 3768 1129 3835 fundo
1156 3761 1483 3850 pereuntis
1512 3757 1666 3835 imo,

983 3881 1267 3960 Seraque
1295 3874 1452 3949 fata,

636 4027 803 4093 Quae
832 4023 1098 4085 manent
1127 4013 1346 4095 culpas
1374 4007 1572 4072 etiam
1608 4002 1729 4068 sub
1760 4003 1950 4067 Orco.

635 4134 905 4221 Impiae3
937 4150 1089 4194 nam
1120 4121 1276 4210 quid
1301 4126 1566 4204 potuere
1597 4113 1855 4199 majus?

1258 4283 1306 4330 8.
1338 4293 1504 4329 aures.

2378 742 2412 770 ι.
2434 728 2623 769 0.1.10.
2643 728 2683 766 8.

2377 858 2411 886 2.
2436 846 2485 885 Α.
2509 843 2554 884 Ρ.
2577 843 2668 883 ³⁹4.

2382 1316 2420 1353 ⁶.
2443 1312 2493 1352 Α.
2517 1312 2563 1352 Ρ.
2586 1311 2675 1350 403.

2393 2953 2453 2981 ao.
2476 2938 2524 2980 C.
2544 2939 2582 2979 2.
2604 2938 2666 2978 19.
2686 2937 2750 2978 31.

2395 3069 2481 3110 Tic.
2502 3067 2549 3108 C.
2569 3070 2607 3107 2.
2630 3067 2692 3106 14.
2712 3066 2750 3107 8.

2568 3122 2606 3160 3.
2627 3121 2665 3158 4.
2687 3118 2751 3158 ⁷⁷.
