3025 4776
338 287 452 340 164

337 588 398 618 η.
422 575 463 615 Β.
485 575 522 615 l.
540 577 578 614 8.
600 574 662 614 11.

336 691 417 732 ine.
437 689 489 731 B.
508 690 546 731 2.
567 689 605 730 1.
627 689 715 728 151.

338 1039 400 1079 26.
421 1035 469 1077 C.
490 1035 527 1077 l.
547 1035 608 1075 12.
627 1035 691 1074 26.

340 2455 413 2496 oti.
437 2454 477 2495 S.
499 2454 535 2495 l.
556 2454 616 2494 10.
638 2452 700 2493 72.

343 3245 407 3293 ⁴⁶·
426 3241 475 3283 Ε.
498 3242 533 3282 1.
556 3242 616 3281 ιε.
636 3243 675 3281 9.

1170 284 1238 356 ρ.
1283 283 1600 342 HORATI
1633 284 1921 344 FLAoc'I

762 452 1023 517 Quanto
1052 452 1287 515 rectius
1316 452 1440 516 hoc
1472 474 1666 536 quam
1696 453 1868 517 tristi
1894 453 2123 518 laedere
2153 474 2338 517 versu

758 561 1187 625 Pantolabum
1215 584 1500 626 scurram
1528 564 2138 646 Nomentanumque
2166 572 2486 647 nepotem,

760 671 928 735 Cum
957 671 1080 735 sibi
1110 672 1374 755 quisque
1403 673 1615 751 timet,
1647 694 2035 755 quamquam
2063 680 2162 735 est
2179 673 2478 750 intactae,
2501 682 2565 735 et
2588 672 2745 736 odit.

763 780 939 848 Quid
968 781 1200 845 faciam
1220 783 1250 844 Ρ
1341 783 1551 845 Saltat
1580 782 1912 859 Milonius,
1945 790 2020 844 ut
2048 782 2245 845 semel
2274 782 2404 846 icto

760 893 1049 956 Accessit
1076 892 1285 957 fervor
1313 893 1505 976 capiti
1534 913 1964 975 numerusque
1992 892 2308 970 lucernis3
2665 895 2748 955 25

763 1004 990 1067 Castor
1019 1001 1254 1085 gaudet
1284 1003 1481 1085 equis,
1514 1023 1634 1065 ovo
1654 1010 2002 1086 prognatus
2031 1001 2257 1065 eodem

762 1113 1045 1196 Pugnis3
1093 1120 1248 1195 quot
1279 1112 1561 1196 capitum
1589 1112 1834 1190 vivunt,
1866 1112 2141 1176 totidem
2171 1111 2535 1175 studiorum

762 1224 988 1287 Milia:
1035 1244 1141 1286 me
1169 1222 1434 1306 pedibus
1463 1222 1739 1285 delectat
1768 1222 2059 1286 claudere
2089 1222 2282 1286 verba

762 1333 974 1397 Lucili
1001 1332 1155 1408 ritu,
1188 1339 1479 1395 nostrum
1509 1331 1791 1395 melioris
1819 1340 2115 1413 utroque.

761 1443 883 1506 Ille
913 1442 1087 1504 velut
1115 1439 1259 1502 fidis
1290 1462 1520 1504 arcana
1545 1440 1867 1504 sodalibus
1897 1441 2053 1503 olim
2668 1442 2757 1500 30

762 1551 1078 1615 Credebat
1106 1549 1305 1626 libris,
1338 1570 1546 1631 neque
1574 1549 1630 1611 si
1658 1550 1825 1612 male
1856 1556 2129 1612 cesserat
2159 1570 2462 1630 umquam

762 1661 1125 1723 Decurrens
1155 1659 1298 1735 alin,
1332 1679 1540 1738 neque
1569 1658 1625 1719 si
1652 1658 1815 1721 bene
1832 1684 1851 1734 3
1902 1679 2029 1738 quo
2057 1660 2155 1735 fit,
2187 1665 2262 1719 ut
2291 1657 2498 1719 omnis

762 1768 998 1832 Votiva
1026 1775 1240 1850 pateat
1267 1768 1468 1830 veluti
1498 1768 1818 1850 descripta
1845 1769 2084 1832 tabella

762 1877 919 1941 Vita
946 1876 1133 1939 senis.
1227 1878 1473 1958 Sequor
1501 1876 1699 1955 hunc,
1731 1879 2034 1941 Lucanus
2064 1899 2145 1939 an
2175 1877 2428 1960 Apulus
2459 1898 2690 1958 anceps
2716 1901 2730 1938 ε

761 1986 937 2049 Nam
966 1985 1336 2050 Venusinus
1367 1995 1505 2049 arat
1536 1987 1730 2049 finem
1761 1988 1880 2051 sub
1909 1995 2258 2069 utrumque
2296 1986 2577 2062 colonus,
2667 1990 2753 2048 35

760 2096 1004 2159 Missus
1035 2095 1115 2158 ad
1145 2096 1267 2159 hoc
1297 2097 1519 2178 pulsis,
1552 2107 1734 2160 vetus
1757 2105 1855 2160 est
1884 2105 1959 2159 ut
1988 2096 2180 2174 fama,
2216 2095 2509 2172 Sabellis,

766 2208 915 2274 Quo
945 2227 1027 2269 ne
1056 2226 1169 2289 per
1197 2228 1467 2269 vacuum
1499 2208 1791 2270 Romano
1820 2207 2173 2271 incurreret
2202 2205 2426 2282 hostis,

768 2317 915 2380 Sive
946 2316 1116 2399 quod
1146 2317 1358 2400 Apula
1388 2338 1544 2399 gens
1574 2338 1686 2379 seu
1716 2315 1887 2400 quod
1916 2316 2204 2381 Lucania
2231 2315 2476 2379 bellum

764 2427 1096 2490 Incuteret
1124 2426 1422 2490 violenta.
1517 2427 1645 2490 Sed
1673 2427 1778 2490 hic
1807 2427 1992 2490 stilus
2021 2426 2200 2489 haud
2228 2433 2406 2508 petet
2435 2425 2603 2487 ultro

767 2538 1173 2617 Quemquam
1205 2536 1599 2599 animantem
1630 2545 1695 2599 et
1723 2559 1828 2600 me
1857 2536 2055 2600 veluti
2086 2535 2402 2599 custodiet
2432 2536 2599 2599 ensis
2670 2536 2756 2598 40

762 2645 1020 2728 Vagina
1049 2652 1257 2709 tectus
1281 2672 1302 2724 3
1347 2668 1538 2729 quem
1570 2667 1683 2709 cur
1712 2646 2103 2730 destringere
2133 2667 2327 2710 coner

764 2757 971 2819 Tutus
1001 2757 1081 2820 ab
1110 2756 1359 2818 infestis
1388 2756 1790 2820 latronibus?
1885 2758 1944 2821 O
1974 2765 2156 2841 pater
2186 2764 2252 2820 et
2279 2778 2391 2820 rex

767 2868 808 2929 J
812 2865 1084 2948 uppiter,
1118 2872 1193 2927 ut
1222 2873 1439 2948 pereat
1467 2866 1747 2949 positum
1777 2866 2072 2948 rubigine
2100 2866 2304 2929 telum

762 2974 908 3038 Nec
938 2975 1271 3057 quisquam
1303 2983 1531 3039 noceat
1560 2976 1789 3058 cupido
1819 2976 1977 3038 mihi
2007 2976 2178 3059 pacis
2206 2976 2220 3039 l
2272 2984 2338 3038 at
2368 2976 2497 3052 ille,

767 3085 900 3150 Qui
930 3105 1033 3147 me
1064 3085 1745 3162 commorit,—melius
1774 3106 1905 3148 non
1934 3093 2216 3168 tangere,
2250 3068 2543 3148 clamo—
2669 3088 2753 3149 45

765 3196 976 3260 Flebit
1005 3203 1072 3259 et
1099 3196 1371 3278 insignis
1402 3204 1540 3259 tota
1571 3197 1935 3260 cantabitur
1963 3197 2141 3260 urbe.

716 3356 721 3366 ,
766 3305 1029 3369 Cervius
1052 3304 1254 3367 iratus
1282 3305 1455 3387 leges
1486 3305 1828 3368 minitatur
1858 3314 1923 3368 et
1951 3328 2206 3385 urnam,

765 3414 1036 3478 Canidia
1064 3415 1293 3478 Albuti
1325 3415 1558 3498 quibus
1588 3423 1686 3478 est
1714 3415 1974 3478 inimica
2002 3438 2341 3493 venenum,

768 3524 1027 3589 Grande
1057 3525 1299 3587 malum
1329 3525 1583 3603 Turius,
1615 3525 1669 3587 si
1700 3525 1855 3608 quid
1886 3547 1952 3588 se
1975 3526 2193 3609 judice
2224 3534 2446 3589 certes·

766 3636 884 3710 Ut,
919 3655 1045 3716 quo
1076 3634 1341 3717 quisque
1369 3635 1557 3712 valet,
1590 3644 1916 3719 suspectos
1948 3646 2204 3715 terreat,
2238 3645 2438 3719 utque
2651 3618 2759 3698 ἱ50

766 3747 1052 3827 Imperet
1081 3743 1203 3807 hoc
1233 3752 1464 3807 natura
1490 3754 1737 3827 potens,
1769 3747 1859 3809 sic
1889 3747 2114 3829 collige
2146 3769 2397 3810 mecum
2423 3772 2437 3810 ε

767 3852 980 3914 Dente
1009 3851 1218 3933 lupus,
1251 3873 1447 3915 cornu
1476 3861 1700 3916 taurus
1733 3855 1928 3936 petit:
1978 3855 2149 3918 unde
2179 3854 2301 3917 nisi
2330 3855 2507 3917 intus

766 3962 1257 4025 Monstratum‘?
1351 3964 1585 4027 Scaevae
1615 3965 1892 4028 vivacem
1927 3966 2112 4029 crede
2143 3965 2361 4049 nepoti

769 4074 1053 4138 Matrem
1082 4099 1094 4138 ε
1144 4073 1234 4137 nil
1265 4073 1454 4137 faciet
1485 4075 1741 4138 sceleris
1773 4076 1877 4158 pia
1907 4075 2165 4141 dextera
2189 4104 2206 4154 ς
2255 4075 2512 4151 mirum,

1497 4249 1577 4295 23.
1617 4250 2041 4309 Pquamqnatust.
