3025 4776
355 334 467 387 240

307 3081 372 3116 ⁴2.
394 3068 441 3108 O.
464 3068 500 3109 l.
522 3069 584 3108 15.
605 3067 669 3108 34.

304 3624 369 3665 47.
392 3612 439 3653 0.
460 3613 498 3654 2.
519 3614 556 3654 7.
579 3613 642 3653 16.

1113 330 1178 405 ρ.
1225 330 1544 390 HORATJ
1595 330 1886 391 FLAOOI

739 498 1110 583 Insequeris
1138 505 1360 564 tamen
1389 499 1564 564 hunc
1594 507 1661 563 et
1689 500 1804 564 lite
1835 499 2102 563 moraris
2131 499 2373 584 iniqua.

739 609 894 674 Dixi
924 631 1029 674 me
1057 610 1313 695 pigrum
1342 612 1768 696 proficiscenti
1796 611 1938 691 tibi,
1969 611 2102 676 dixi
2647 614 2734 676 20

739 720 1001 784 Talibus
1030 720 1249 784 officiis
1278 742 1474 805 prope
1501 743 1827 801 mancum,
1859 743 1941 787 ne
1971 743 2114 786 mea
2142 744 2347 787 saevus

740 832 781 893 J
788 851 1050 913 urgares
1080 830 1162 893 ad
1190 837 1256 895 te
1288 831 1459 914 quod
1489 832 1760 916 epistola
1786 833 1966 897 nulla
1992 833 2250 899 rediret.

740 940 916 1006 Quid
946 947 1089 1004 tum
1118 941 1379 1024 profeci,
1411 962 1667 1005 mecum
1695 942 1996 1007 facientia
2016 944 2168 1027 jura

742 1051 813 1113 Si
844 1058 1063 1114 tamen
1094 1050 1454 1134 adtemptas
1475 1053 1507 1112 ?
1597 1052 1904 1118 Quereris
1933 1074 2124 1137 super
2152 1051 2278 1117 hoc
2318 1053 2534 1133 etiam,
2567 1054 2737 1137 quod

738 1165 1125 1246 Exspectata
1153 1162 1274 1226 tibi
1303 1184 1433 1227 non
1462 1163 1721 1226 mittam
1752 1163 2040 1227 carmina
2068 1165 2366 1229 mendax.
2650 1168 2735 1228 25

739 1271 996 1335 Luculli
1025 1272 1208 1335 miles
1238 1272 1504 1336 collecta
1533 1272 1765 1335 viatica
1793 1271 2019 1335 multis

739 1382 1094 1461 AErumnis,
1126 1382 1328 1446 lassus
1359 1383 1515 1445 dum
1546 1390 1744 1446 noctu
1773 1383 2009 1461 stertit,
2043 1382 2125 1445 ad
2154 1403 2360 1446 assem

738 1494 1155 1574 Perdiderat,
1202 1503 1351 1579 post
1380 1495 1503 1559 hoc
1534 1495 1873 1559 vehemens
1903 1495 2094 1578 lupus
2124 1501 2191 1558 et
2219 1494 2341 1558 sibi
2370 1501 2436 1558 et
2478 1493 2648 1557 hosti

739 1606 955 1667 Iratus
982 1605 1241 1688 pariter,
1266 1605 1508 1690 jejunis
1539 1605 1838 1670 dentibus
1869 1627 2034 1684 acer,

738 1716 1113 1781 Praesidium
1144 1717 1355 1800 regale
1385 1716 1526 1780 loco
1555 1716 1812 1799 dejecit,
1843 1725 1919 1780 ut
1948 1717 2149 1795 aiunt,
2644 1716 2732 1777 30

739 1826 1004 1889 Summe
1032 1825 1284 1889 munito
1313 1833 1380 1889 et
1409 1826 1760 1889 multarum
1791 1825 1987 1890 divite
2016 1848 2253 1893 rerum.

736 1937 962 2000 Clarus
990 1935 1073 1999 ob
1103 1935 1169 1999 id
1198 1935 1439 1999 factum
1472 1935 1655 2000 donis
1678 1944 1943 1999 ornatur
1970 1936 2254 2001 honestis
2277 1964 2297 2016 3

731 2047 991 2131 Accipit
1021 2054 1087 2111 et
1116 2046 1214 2111 bis
1244 2046 1410 2111 dena
1437 2068 1627 2132 super
1655 2048 1948 2111 sestertia
1976 2069 2338 2113 nummum.

735 2161 927 2236 Forte
956 2158 1075 2222 sub
1105 2158 1231 2221 hoc
1260 2166 1516 2242 tempus
1546 2158 1878 2222 castellum
1909 2167 2189 2223 evertere
2217 2167 2450 2245 praetor

732 2269 971 2333 Nescio
1002 2268 1172 2352 quod
1204 2268 1464 2351 cupiens
1492 2266 1737 2330 hortari
1768 2268 1964 2351 coepit
1994 2269 2271 2333 eundem
2638 2271 2724 2331 35

732 2381 987 2459 Verbis,
1019 2401 1161 2464 quae
1193 2378 1418 2443 timido
1448 2399 1704 2461 quoque
1731 2385 1989 2463 possent
2020 2378 2250 2445 addere
2277 2387 2568 2446 mentem
2594 2407 2609 2444 ε

735 2496 795 2571 I,
827 2494 1015 2573 bone,
1048 2513 1174 2577 quo
1203 2492 1406 2556 virtus
1437 2498 1553 2554 tua
1581 2499 1648 2555 te
1676 2504 1880 2570 vocat,
1911 2492 1934 2554 i
1963 2491 2122 2575 pede
2149 2492 2383 2571 fauste,

736 2604 1023 2667 Grandia
1050 2604 1297 2667 laturus
1326 2603 1703 2667 meritorum
1732 2602 2011 2686 praemia.
2105 2603 2282 2670 Quid
2313 2604 2489 2667 stas?

734 2716 889 2779 Post
916 2715 1057 2778 haec
1085 2713 1192 2777 ille
1222 2720 1403 2777 catus
1434 2712 1841 2797 quantumvis
1869 2712 2186 2778 rusticus:
2233 2714 2389 2793 Ibit,

736 2824 872 2888 Ibit
901 2845 998 2903 e0,
1033 2844 1159 2906 quo
1187 2824 1302 2897 vis,
1332 2824 1443 2907 qui
1472 2844 1700 2887 zonam
1729 2823 2024 2906 perdidit,
2057 2824 2287 2907 inquit.
2637 2829 2729 2888 40

737 2938 963 3000 Romae
990 2935 1225 2998 nutriri
1254 2934 1416 2997 mihi
1446 2933 1720 3017 contigit
1750 2941 1941 3017 atque
1971 2934 2181 2999 doceri

735 3050 954 3111 Iratus
987 3048 1177 3112 Grais
1209 3054 1521 3130 quantum
1553 3046 1878 3110 nocuisset
1900 3047 2205 3111 Achilles.

733 3158 1041 3242 Adjecere
1069 3156 1256 3221 bonae
1283 3157 1475 3240 paulo
1504 3157 1647 3241 plus
1677 3158 1832 3221 artis
1863 3158 2163 3237 Athenae,

736 3269 993 3334 Scilicet
1021 3275 1098 3332 ut
1125 3268 1352 3332 vellem
1382 3288 1574 3332 curvo
1604 3268 1932 3333 dinoscere
1959 3277 2208 3333 rectum

733 3383 949 3465 Atque
979 3381 1149 3444 inter
1177 3380 1366 3443 silvas
1396 3379 1704 3444 Academi
1737 3399 2017 3462 quaerere
2047 3400 2287 3444 verum.
2638 3384 2727 3443 45

735 3494 915 3555 Dura
943 3491 1054 3554 sed
1082 3511 1369 3555 emovere
1397 3490 1539 3553 loco
1568 3511 1671 3553 me
1701 3497 1992 3573 tempora
2022 3497 2224 3573 grate,

735 3604 1081 3685 Civilisque
1110 3602 1331 3665 rudem
1361 3599 1512 3664 belli
1543 3600 1696 3664 tulit
1725 3608 1917 3664 aestus
1947 3600 2013 3663 iu
2046 3621 2224 3663 arma

735 3715 1002 3779 Caesaris
1032 3713 1310 3796 Augusti
1339 3733 1469 3776 nou
1499 3732 1888 3795 responsura¹
1906 3711 2176 3775 lacertis.

734 3826 925 3890 Unde
956 3823 1145 3887 simul
1175 3824 1454 3907 primum
1484 3842 1589 3885 me
1621 3822 1915 3885 dimisere
1947 3821 2227 3905 Philippi

736 3936 980 4001 Decisis
1012 3934 1316 3998 humilem
1350 3933 1575 4017 pennis
1603 3933 1985 4016 inopemque
2015 3932 2265 4015 paterni
2643 3935 2736 3997 50

733 4049 819 4110 Et
848 4045 998 4108 laris
1028 4052 1093 4106 et
1123 4041 1329 4119 fundi,
1360 4051 1700 4126 paupertas
1729 4041 1986 4126 impulit
2017 4042 2222 4105 audax

305 4178 398 4221 des.
420 4177 460 4218 a.
479 4178 519 4218 2.
538 4178 578 4217 ³.
599 4176 687 4217 ιω.
737 4161 830 4223 Ut
859 4175 1075 4220 versus
1105 4153 1415 4231 facerem,
1462 4152 1595 4231 sed,
1630 4152 1797 4235 quod
1828 4174 1960 4216 non
1991 4152 2176 4231 desit,
2207 4151 2552 4216 habentem

825 4336 910 4385 22.
945 4298 1162 4381 veniret.
1297 4331 1377 4379 24.
1414 4332 1665 4379 attentas.
1800 4330 1881 4377 28.
1920 4329 2195 4378 ?vemens.
2329 4328 2412 4376 42.
2450 4326 2640 4379 Graiis.
