3025 4776
348 278 462 332 110

508 1290 622 1458 Q.
738 1339 1278 1446 HORATI
1417 1340 1939 1447 FLAccl
2042 1340 2602 1446 EPODON

361 2060 459 2103 m.
483 2060 590 2111 c.‚1.
610 2058 673 2100 3⁷.
692 2059 757 2099 so.

375 3313 438 3343 u.
460 3301 508 3342 C.
528 3302 567 3342 1.
586 3303 649 3343 22.
669 3303 709 3346 6.

1420 1569 1794 1652 LIBER.

1525 1894 1664 1958 Ι.“

960 2043 1109 2106 Ims
1141 2040 1447 2107 Liburnis
1475 2040 1649 2104 inter
1678 2040 1810 2103 alta
1836 2038 2118 2116 navium,

911 2205 922 2217 .
1047 2153 1297 2231 Amice,
1329 2152 1831 2236 propugnacula,

966 2264 1242 2329 Paratus
1272 2284 1463 2328 omne
1495 2263 1768 2328 Caesaris
1798 2263 2154 2347 periculum

1052 2375 1305 2454 Subire,
1337 2376 1684 2454 Maecenas,
1716 2382 1853 2439 tuo,

967 2487 1142 2554 Quid
1172 2508 1310 2565 nos,
1343 2488 1575 2571 quibus
1603 2494 1670 2552 te
1700 2488 1833 2551 vita
1862 2487 1918 2551 si
1949 2486 2291 2572 superstite

1054 2598 1097 2660 J
1098 2595 1377 2676 ucunda,
1408 2598 1462 2661 si
1492 2601 1738 2676 contra,
1771 2599 1978 2682 gravis
1998 2600 2028 2662 ⁴?

969 2709 1296 2771 Utrumne
1320 2709 1483 2791 jussi
1512 2731 1966 2793 persequemur
1995 2710 2222 2789 otium,

1052 2821 1211 2884 Non
1241 2819 1444 2899 dulce,
1478 2822 1546 2884 ni
1576 2828 1793 2886 tecum
1823 2822 2060 2884 simul?

968 2929 1078 2992 An
1106 2928 1280 2992 hunc
1308 2928 1595 2993 laborem
1624 2937 1841 2994 mente
1872 2931 2087 3008 laturi,
2118 2931 2301 2995 decet

1065 3039 1214 3105 Qua
1240 3040 1407 3103 ferre
1436 3061 1568 3104 non
1598 3041 1822 3104 molles
1851 3041 2069 3104 viros?

975 3151 1318 3229 Feremus3
1366 3158 1431 3215 et
1459 3159 1526 3214 te
1555 3151 1655 3213 vel
1683 3172 1797 3234 per
1829 3151 2088 3234 Alpium
2113 3153 2292 3237 juga,

1058 3260 1524 3344 Inhospitalem
1555 3267 1620 3323 et
1652 3261 2034 3340 Caucasum,

970 3371 1097 3434 Vel
1125 3371 1472 3435 occidentis
1500 3393 1704 3455 usque
1734 3371 1816 3435 ad
1845 3373 2148 3437 ultimum
2177 3375 2390 3438 sinum

1059 3483 1241 3548 Forti
1270 3504 1610 3567 sequemur
1638 3491 1910 3567 pectore.
1995 3521 2006 3530 ·

977 3594 1211 3675 Roges,
1243 3601 1431 3656 tuum
1461 3593 1677 3657 labore
1708 3594 1860 3677 quid
1883 3595 2103 3678 juvem
2133 3617 2277 3660 meo

1061 3702 1351 3766 Imbellis
1381 3723 1455 3765 ac
1484 3703 1707 3765 firmus
1737 3705 2009 3785 parum?

973 3815 1207 3879 Comes
1237 3813 1482 3877 minore
1512 3836 1657 3876 sum
1686 3813 1944 3877 futurus
1973 3815 2044 3879 in
2073 3823 2273 3894 metu,

1062 3925 1194 3991 Qui
1225 3925 1349 4008 maj
1357 3944 1429 3987 or
1459 3924 1753 3988 absentes
1782 3925 1978 3989 habet
2006 3951 2019 3989 ε

974 4043 1072 4106 Ut
1103 4039 1383 4104 assidens
1411 4039 1832 4122 implumibus
1860 4040 2051 4124 pullis
2082 4041 2212 4105 avis

1063 4150 1471 4234 Serpentium
1502 4150 1779 4232 allapsus
1810 4151 1998 4214 timet

1477 4285 1522 4334 5.
1561 4288 1644 4334 sit.
1783 4288 1859 4335 10.
1897 4303 2066 4347 quom.

2710 3046 2792 3105 10

2715 3601 2794 3659 15

2699 4156 2800 4216 ’20
