3025 4776
916 282 1388 339 SATIRARUM
1446 280 1599 338 LIB.
1661 281 1749 338 II.
1819 280 1897 336 iii.
2492 286 2600 344 175

352 443 514 508 Men
572 442 715 506 vivo
746 444 776 505 ⁴?
890 446 989 508 Ut
1047 445 1220 508 vivas
1279 444 1498 527 igitur,
1558 443 1790 526 vigila:
1857 441 1981 506 hoc
2034 464 2170 525 age.
2201 477 2300 520 αρε,
2319 467 2596 512 n.1.1s.ss.

703 553 876 619 Quid
904 553 1048 616 vis?

352 664 668 728 Deficient
696 665 955 747 inopem
984 686 1163 729 venae
1193 672 1282 743 te,
1313 666 1384 727 ni
1413 665 1596 729 cibus
1636 673 1829 749 atque

353 776 596 859 Ingens
626 776 871 840 accedit
899 776 1230 840 stomacho
1258 776 1504 840 fultura
1531 777 1768 842 ruenti.

187 888 306 948 155
356 888 453 950 Tu
482 889 737 950 cessas?
787 885 1083 969 agedum,
1115 908 1296 949 sume
1325 887 1449 950 hoc
1478 887 1896 970 ptisanarium
1927 909 2151 972 oryzae.

355 996 602 1064 Quanti
630 997 906 1079 emptae?
952 999 1178 1060 Parvo·
1247 997 1493 1062 Quanti
1525 1019 1676 1081 ergo
1694 998 1724 1059 Ρ
1770 999 2168 1063 Octussibus.

699 1107 885 1170 Eheu
912 1107 926 1168 Ι

356 1214 529 1280 Quid
559 1215 774 1293 refert,
806 1214 1032 1278 morbo
1061 1236 1144 1276 an
1172 1214 1361 1277 furtis
1388 1234 1766 1297 pereamque
1794 1215 2032 1299 rapinis
2053 1218 2174 1279 ἳ-

355 1327 668 1391 Quisnam
698 1326 898 1408 igitur
948 1326 1192 1388 sanus?
1287 1325 1419 1391 Qui
1469 1347 1601 1389 non
1648 1326 1903 1389 stultus,
1996 1326 2169 1392 Quid

699 1458 923 1499 avarus
940 1437 969 1498 ⁴?

357 1547 609 1610 Stultus
640 1552 705 1609 et
733 1546 1017 1609 insanus.
1110 1545 1331 1613 Quid?
1380 1545 1433 1609 si
1466 1546 1609 1629 quis
1640 1567 1771 1609 non
1799 1547 1882 1610 sit
1924 1569 2168 1624 avarus,

187 1660 311 1721 160
356 1657 681 1720 Continuo
711 1656 954 1719 sanus?
1025 1656 1320 1719 Minime.
1391 1656 1547 1733 Cur,
1583 1656 1841 1720 Stoice?
1917 1658 2168 1721 Dicam.

353 1766 510 1830 Non
540 1774 636 1829 est
666 1767 1072 1830 cardiacus—
1083 1767 1422 1830 Craterum
1452 1765 1680 1829 dixisse
1710 1775 2021 1850 putato—

357 1877 487 1940 Hic
518 1900 718 1960 aeger:
765 1885 941 1942 recte
970 1884 1067 1940 est
1096 1877 1294 1960 igitur
1322 1879 1716 1959 surgetque?
1806 1880 2110 1961 Negabit,

356 1987 544 2051 Quod
576 1989 744 2051 latus
774 1996 886 2050 aut
915 2009 1098 2050 renes
1130 1988 1352 2050 morbo
1383 1995 1778 2070 temptentur
1806 1998 2011 2052 acut0.

353 2099 510 2161 Non
539 2105 635 2161 est
664 2099 956 2180 perjurus
986 2118 1193 2179 neque
1222 2096 1512 2160 sordidus
1536 2123 1555 2174 3
1603 2097 1890 2161 immolet
1920 2100 2115 2181 aequis

185 2209 309 2271 165
358 2208 488 2271 Hic
517 2230 782 2290 porcum
813 2207 1085 2271 Laribus
1112 2234 1125 2270 :
1173 2228 1393 2270 verum
1422 2207 1797 2276 ambitiosus
1828 2216 1892 2270 et
1924 2210 2126 2271 audax
2149 2235 2168 2287 3
2200 2232 2309 2273 Lar.
2328 2230 2376 2270 e.
2396 2232 2434 2271 s.
2454 2231 2518 2271 23.
2538 2230 2576 2270 4.

357 2318 638 2401 Naviget
668 2317 1067 2401 Anticyram.
1136 2315 1312 2382 Quid
1334 2316 1506 2379 enim
1537 2315 1768 2395 differt,
1792 2317 2172 2381 barathrone

354 2429 573 2491 Dones
606 2427 911 2511 quidquid
942 2428 1158 2504 habes,
1195 2448 1276 2489 an
1306 2448 1634 2508 nunquam
1669 2436 1851 2490 utare
1881 2429 2116 2511 paratis
2141 2430 2169 2490 Ρ

358 2538 614 2601 Servius
646 2537 959 2619 Oppidius
992 2537 1232 2600 Canusi
1261 2536 1388 2600 duo
1416 2536 1674 2618 praedia,
1707 2536 1879 2600 dives

354 2647 644 2729 Antiquo
675 2667 887 2723 censu,
924 2646 1135 2728 gnatis
1166 2645 1391 2708 divisse
1422 2645 1673 2708 duobus

184 2760 312 2821 170
355 2757 589 2818 Fertur
616 2763 681 2818 et
709 2756 832 2819 hoc
865 2756 1142 2819 moriens
1172 2755 1385 2838 pueris
1415 2754 1646 2819 dixisse
1675 2756 1913 2819 vocatis

355 2866 460 2928 Ad
488 2866 728 2929 lectum
754 2891 767 2929 :
817 2868 1168 2948 Postquam
1197 2873 1264 2928 te
1294 2865 1475 2942 talos,
1508 2865 1699 2943 Aule,
1731 2886 2048 2947 nucesque

355 2979 548 3040 Ferre
579 2977 725 3040 sinu
752 2976 916 3054 lam,
949 2976 1186 3039 donare
1217 2982 1282 3039 et
1311 2975 1530 3039 ludere
1559 2974 1708 3053 vidi,

355 3088 465 3165 Te,
497 3088 731 3165 Tiberi,
764 3108 1119 3163 numerare,
1153 3085 1324 3149 cavis
1356 3085 1740 3149 abscondere
1769 3087 2017 3149 tristem
2043 3111 2062 3163 ς

353 3199 664 3276 Extimui,
695 3219 779 3261 ne
806 3220 918 3260 vos
949 3205 1166 3279 ageret
1196 3198 1451 3260 vesania
1479 3196 1743 3273 discors,

182 3313 308 3373 175
354 3311 454 3373 Tu
482 3310 991 3385 Nomentanum,
1022 3315 1096 3370 tu
1126 3328 1207 3370 ne
1237 3327 1567 3389 sequerere
1598 3305 1913 3369 Cicutam.
2206 3343 2600 3385 Nm.S.1.1.1oz.

293 3414 303 3421 ⁹
357 3421 574 3487 Quare
603 3439 716 3502 per
743 3418 922 3481 divos
954 3424 1171 3480 oratus
1199 3424 1470 3498 uterque
1500 3418 1797 3491 Penates,

354 3529 454 3591 Tu
484 3549 633 3592 cave
662 3550 744 3592 ne
772 3528 1046 3604 minuas,
1080 3535 1153 3590 tu
1182 3549 1264 3590 ne
1294 3527 1504 3609 majus
1533 3527 1726 3589 facias
1755 3524 1840 3601 id,

357 3638 549 3704 Quod
578 3639 732 3702 satis
762 3660 897 3701 esse
926 3645 1110 3720 putat
1140 3645 1320 3720 pater
1348 3644 1413 3699 et
1443 3643 1677 3699 natura
1704 3639 1971 3699 cois'rcet.

352 3729 671 3812 Praeterea
702 3770 780 3811 ne
811 3770 920 3811 vos
949 3748 1171 3811 titillet
1201 3745 1423 3829 gloria,
1450 3746 1598 3828 jure

180 3859 311 3923 180
356 3860 397 3921 J
400 3858 645 3921 urando
674 3858 1071 3940 obstringam
1102 3857 1293 3920 ambo
1319 3881 1332 3918 ε
1383 3863 1531 3917 uter
1561 3854 1762 3918 aedilis
1791 3855 2060 3919 fueritve
2205 3857 2294 3897 “⁸⁶-
2316 3855 2357 3897 8·
2377 3856 2415 3896 ²·
2435 3856 2472 3895 ⁵·
2492 3854 2557 3894 ²⁸·

354 3969 662 4032 Vestrum
693 3976 947 4051 praetor,
978 3969 1034 4031 is
1062 3966 1448 4030 intestabilis
1478 3972 1545 4028 et
1575 3985 1751 4027 sacer
1780 3973 1936 4028 esto.

355 4077 440 4138 In
470 4077 673 4140 cicere
704 4084 894 4159 atque
923 4077 1072 4141 faba
1100 4078 1270 4141 bona
1299 4084 1373 4139 tu
1403 4074 1755 4158 perdasque
1784 4075 2041 4158 lupinis,

170 4236 291 4287 157.
327 4250 618 4298 pereamve.
755 4233 865 4281 162.
905 4234 1161 4283 ?rec'oest.
1247 4233 1359 4281 163.
1396 4234 1684 4288 tentantur,
1713 4222 1822 4296 (Ο.)
1907 4232 2017 4284 170.
2054 4233 2180 4280 haec.

2123 4348 2166 4394 Ο
2189 4350 2221 4395 2
