3025 4776
297 310 368 363 66

300 593 361 632 18.
383 589 430 630 C.
452 589 489 629 1.
508 590 572 630 33.
594 588 654 628 11.

301 963 363 992 ιι.
385 950 432 991 O.
452 951 491 991 3.
512 949 573 990 19.
593 950 656 989 20.

301 1177 424 1219 Had.
444 1176 493 1220 O.
507 1177 544 1218 1.
556 1179 619 1220 38.
634 1177 696 1216 15.

307 2057 346 2096 3.
367 2043 447 2095 Bp.
468 2043 506 2086 1.
526 2046 591 2085 21.

319 2991 402 3042 «w.
423 2990 472 3031 c.
491 2991 529 3031 s.
549 2987 588 3031 7.
608 2989 670 3029 aa

1093 301 1159 375 Q.
1230 300 1548 358 HORATJ
1606 302 1897 359 1221ch

982 463 1160 530 Quid
1176 465 1207 526 ¹?
1251 464 1307 528 si
1336 463 1546 547 prisca
1571 464 1742 527 redit
1769 464 2015 541 Venus,

1046 574 1507 658 ·Diductosque
1530 574 1693 658 jugo
1722 574 1896 657 cogit
1926 574 2173 637 aeaco?

985 684 1054 748 Si
1086 685 1248 748 flava
1274 683 1599 748 excutitur
1627 683 1851 763 Chloe,

1069 796 1475 879 Rejectaeque
1502 802 1683 879 patet
1702 796 1905 879 janua
1932 794 2158 880 Lydjae
2180 796 2210 858 ’Β
2636 799 2723 860 20

989 932 1398 1014 Quamquam
1428 930 1633 995 sidere
1662 928 1989 1013 pulchrior

1067 1041 1190 1105 Ille
1222 1047 1339 1120 est,
1370 1048 1447 1103 tu
1472 1040 1675 1104 levior
1703 1039 1960 1116 cortice,
1994 1045 2061 1103 et
2088 1037 2379 1122 improbo

983 1151 1363 1215 Iracundior
1394 1149 1682 1213 Hadria:
2204 1228 2209 1234 θ

1074 1262 1315 1326 Tecum
1345 1261 1553 1325 vivere
1583 1280 1816 1338 amem,
1847 1267 2066 1325 tecum
2094 1259 2320 1325 obeam
2348 1259 2576 1324 libens.

1687 1644 1771 1707 X.

991 1786 1382 1848 Ex‘rnmmu
1416 1782 1668 1846 Tanain
1697 1783 1750 1846 si
1780 1782 2052 1863 biberes,
2096 1784 2293 1868 Lyce,

995 1897 1178 1959 Saevo
1205 1900 1411 1979 nupta
1437 1894 1613 1973 vir03
1660 1916 1764 1959 me
1792 1901 2015 1958 tamen
2045 1915 2298 1979 asperas

994 2009 1372 2072 Porrectum
1401 2012 1554 2069 ante
1583 2005 1751 2070 fores
1782 2006 2034 2070 obicere
2061 2006 2288 2070 incolis

1340 2116 1636 2181 Plorares
1667 2116 2116 2199 Aquilonibus.

996 2250 1205 2315 Audis
1236 2272 1362 2334 quo
1393 2251 1668 2335 strepitu
1689 2251 1913 2334 janua,
1945 2272 2073 2335 quo
2116 2272 2344 2315 nemus
2691 2254 2729 2313 5

988 2365 1184 2442 ¹Inter
1211 2364 1483 2448 pulchra
1510 2371 1725 2427 satum
1754 2370 1929 2428 tecta
1957 2362 2277 2448 remugiat

997 2476 1249 2554 Ventis,
1283 2483 1349 2540 et
1377 2476 1618 2560 positas
1646 2481 1723 2538 ut
1752 2475 1982 2558 glaciet
2011 2475 2193 2539 nives

1343 2587 1519 2650 Puro
1545 2585 1814 2650 numine
1845 2587 1879 2649 J
1892 2585 2191 2671 uppiter‘?

998 2729 1334 2812 Ingratam
1361 2728 1606 2795 Veneri
1633 2748 1800 2812 pone
1830 2724 2216 2810 superbiam,

1001 2840 1109 2905 Ne
1138 2848 1434 2904 currente
1462 2847 1638 2904 retro
1667 2838 1841 2902 funis
1871 2844 1977 2901 eat
2003 2843 2166 2901 rota.
2656 2836 2738 2898 10

999 2949 1158 3015 Non
1186 2959 1254 3026 te
1284 2951 1652 3035 Penelopen
1676 2948 1998 3012 difficilem
2028 2946 2237 3032 procis

1349 3061 1720 3146 Tyrrhenus
1748 3059 1975 3142 genuit
2004 3078 2254 3143 parens.

1006 3197 1086 3274 O,
1123 3195 1409 3279 quamvis
1436 3214 1646 3277 neque
1674 3200 1740 3256 te
1770 3212 2060 3269 munera,
2090 3211 2211 3254 nec
2239 3211 2482 3275 preces,

1004 3307 1148 3372 Nec
1177 3307 1422 3370 tinctus
1450 3304 1620 3369 viola
1646 3304 1849 3387 pallor
1878 3301 2257 3383 amantium,

1004 3419 1149 3482 Nec
1176 3418 1273 3482 vir
1302 3416 1516 3482 Pieria
1541 3415 1766 3499 pellice
1795 3414 2050 3477 saucius
2660 3411 2739 3472 15

1354 3527 1617 3604 Curvat,
1649 3521 2040 3610 supplicibus
2068 3523 2201 3587 tuis

1009 3662 1261 3739 Parcas,
1291 3681 1411 3724 nec
1437 3660 1646 3743 rigida
1672 3659 1923 3724 mollior
1951 3657 2205 3737 aescu10,

1008 3769 1152 3834 Nec
1183 3770 1435 3833 Mauris
1464 3771 1753 3833 animum
1782 3768 2002 3833 mitior
2031 3765 2367 3850 anguibus.

1011 3881 1168 3944 Non
1194 3880 1319 3945 hoc
1347 3902 1597 3964 semper
1623 3881 1748 3944 erit
1776 3880 2018 3943 liminis
2048 3885 2162 3943 aut
2190 3898 2372 3961 aquae

1362 3990 1652 4054 Caelestis
1679 3989 1932 4073 patiens
1959 3989 2150 4052 latus.
2660 3986 2748 4049 20

1350 4149 1398 4197 3.
1432 4149 1670 4213 objicere.
1805 4149 1887 4199 15.
1919 4149 2116 4211 poelioe,
2141 4148 2199 4195 B.
