3025 4776
353 308 461 363 116
1186 306 1253 379 Q.
1300 306 1617 365 HORATI
1652 307 1942 365 FLAOOI
2049 366 2056 372 .

948 471 1176 555 Longo
1207 471 1309 534 die
1340 471 1438 535 bis
1466 478 1693 555 terque
1722 479 1991 537 mutatae
2021 472 2199 557 dapis

1034 581 1319 646 Inemori
1351 584 1753 666 spectacul03

948 691 1171 758 Quum
1202 694 1591 778 promineret
1621 715 1751 773 ore,
1783 701 2098 778 quantum
2128 704 2381 760 exstant
2412 719 2576 780 aqua
2684 703 2768 762 35

1038 807 1361 888 Suspensa
1388 814 1609 869 mento
1640 827 1943 889 corpora:
2342 796 2352 806 ’

947 916 1232 979 Exsucta
1262 916 1358 979 uti
1387 916 1670 980 medulla
1698 924 1764 980 et
1795 916 2041 982 aridum
2067 918 2252 1001 jecur

351 1065 417 1113 ³8·
438 1060 518 1113 1³1>-
540 1062 602 1103 1⁷.
622 1063 686 1102 ω,
1034 1027 1293 1092 Amoris
1323 1035 1488 1091 esset
1516 1027 1841 1111 poculum,

949 1137 1377 1201 Interminato
1408 1159 1608 1221 quum
1641 1138 1840 1202 semel
1868 1138 2010 1204 fixae
2040 1140 2184 1204 cibo

1036 1248 1479 1312 Intabuissent
1508 1250 1785 1334 pupulae.
1965 1316 1974 1319 ,
2123 1278 2126 1281 ·
2683 1257 2769 1314 40

947 1359 1105 1423 Non
1134 1359 1408 1424 defuisse
1437 1361 1739 1424 masculae
1765 1360 2050 1425 libidinis

1031 1470 1506 1534 Ariminensem
1551 1471 1819 1549 Foliam,

946 1582 1037 1646 Et
1065 1581 1269 1645 otiosa
1298 1581 1565 1646 credidit
1594 1581 1924 1664 Neapolis,

1035 1693 1125 1756 Et
1154 1713 1344 1756 omne
1373 1692 1655 1756 vicinum
1687 1692 2028 1775 oppidum3

354 1818 453 1861 ne.
475 1818 522 1860 c,
544 1818 581 1858 1.
601 1817 664 1859 27.
684 1818 748 1861 21.
857 1826 861 1833 ·
952 1805 1116 1871 Quae
1145 1804 1353 1867 sidera
1380 1808 1719 1866 excantata
1747 1821 1897 1864 voce
1925 1800 2229 1864 Thessala
2682 1806 2764 1863 45

349 1938 416 1987 4⁶.
436 1936 745 1988 Ep.17.5e178.
1039 1915 1419 1995 Lunamque
1449 1912 1602 1975 caelo
1647 1910 1898 1992 deripit.

946 2027 1078 2091 Hie
1107 2026 1479 2088 irreseetum
1509 2044 1676 2087 saeva
1704 2022 1896 2085 dente
1925 2019 2117 2085 livido

1031 2135 1298 2200 Canidia
1326 2133 1556 2198 rodens
1585 2134 1881 2217 pollicem

944 2246 1122 2313 Quid
1150 2244 1311 2308 dixit
1342 2251 1453 2307 aut
1483 2244 1639 2328 quid
1669 2245 1922 2308 tacuit?
1970 2249 2015 2279 “
2038 2246 2097 2308 Ο
2128 2245 2317 2308 rebus
2346 2245 2506 2309 meis

1029 2357 1184 2420 Non
1213 2356 1500 2421 infideles
1533 2356 1809 2436 arbitrae,
2163 2340 2164 2343 Ἴ
2449 2403 2457 2411 -
2682 2359 2765 2420 50

942 2469 1094 2533 Nox
1123 2475 1190 2531 et
1218 2469 1450 2547 Diana,
1485 2490 1627 2552 quae
1657 2469 1983 2533 silentium
2015 2470 2201 2554 regis,

1028 2581 1285 2643 Arcana
1313 2600 1461 2641 cum
1490 2579 1658 2642 fiunt
1686 2600 1883 2656 sacra,

941 2691 1159 2769 Nunc,
1191 2711 1363 2753 nunc
1395 2689 1611 2753 adeste
1638 2715 1650 2753 ε
1699 2710 1873 2751 nunc
1902 2689 1972 2751 in
2000 2689 2248 2752 hostilis
2278 2689 2503 2752 domos
2545 2763 2550 2768 ι

1031 2803 1207 2865 Iram
1239 2809 1431 2883 atque
1461 2821 1702 2863 numen
1732 2801 1982 2863 vertite.

943 2912 1397 2977 Formidolosis
1428 2912 1585 2975 dum
1615 2912 1820 2974 latent
1851 2910 2024 2973 silvis
2053 2910 2223 2988 ferae,
2680 2911 2760 2972 55

1030 3025 1222 3087 Dulci
1254 3045 1478 3106 sopore
1508 3024 1850 3107 languidae,

946 3135 1199 3208 Senem,
1232 3133 1401 3218 quod
1433 3154 1654 3197 omnes
1686 3133 1953 3208 rideant,
1989 3132 2352 3197 adulterum

1029 3245 1301 3307 Latrent
1336 3244 1690 3306 Suburanae
1722 3264 1931 3319 canes,

940 3355 1165 3419 Nardo
1195 3362 1596 3438 perunctum,
1632 3354 1816 3436 quale
1847 3376 1976 3417 non
2007 3354 2351 3438 perfectius

1026 3469 1197 3531 Meae
1227 3466 1578 3530 laborarint
1609 3488 1951 3529 manus.—
2676 3468 2760 3528 60

941 3577 1117 3645 Quid
1147 3577 1376 3640 accidit
1394 3578 1424 3639 ⁴?
1471 3598 1586 3640 cur
1615 3577 1752 3640 dira
1781 3578 2067 3642 barbarae
2112 3578 2328 3641 minus

1024 3690 1295 3750 Venena
1324 3687 1578 3751 Medeae
1609 3689 1845 3765 valent,

338 3829 400 3879 ⁶³.
426 3828 649 3879 1⁴:123.st
940 3799 1191 3865 Quibus
1222 3799 1563 3881 superbam
1595 3799 1763 3879 fugit
1794 3799 1930 3862 ulta
1960 3799 2272 3883 pellicem,

1023 3910 1253 3993 Magni
1286 3909 1583 3974 Creontis
1613 3909 1830 3989 filiam,

937 4026 1103 4089 Cum
1134 4023 1321 4107 palla,
1354 4022 1506 4086 tabo
1536 4044 1772 4085 munus
1801 4023 2146 4102 imbutum,
2180 4043 2410 4087 novam
2674 4027 2756 4088 65

1021 4134 1334 4199 Incendio
1367 4141 1637 4216 nuptam
1669 4132 1986 4198 abstulit?

841 4269 905 4321 37
955 4285 1190 4328 exsucca,
1214 4272 1416 4324 exusta,
1441 4282 1597 4316 exesa
1623 4284 1664 4316 υ.
1688 4274 1883 4328 exesta,
1908 4275 2133 4329 exsecta,
2160 4272 2214 4318 H
2217 4271 2248 4318 l.
2274 4270 2334 4319 A.
2366 4269 2665 4335 (extracta.)

770 4359 771 4362 ¹
883 4338 960 4385 53.
986 4338 1219 4384 hostiles.
1356 4337 1433 4382 55.
1460 4335 1805 4383 formidolosae
1829 4354 1962 4385 cum.
2113 4338 2191 4384 60.
2220 4337 2537 4397 laborarunt,
2566 4339 2622 4385 Β.

1040 4403 1118 4450 63.
1147 4403 1385 4463 superba,
1413 4400 1788 4461 13.—p·„clicom,
1812 4403 1870 4449 Β.
2004 4403 2083 4451 65.
2121 4403 2389 4464 infectum,
2417 4404 2474 4452 B.
