3025 4776
304 224 457 302 78'

308 996 388 1036 nit.
411 995 458 1038 C.
478 997 516 1037 4.
535 996 573 1036 9.
596 995 657 1035 18.

311 1433 370 1472 24.
394 1421 498 1463 CA
519 1423 557 1461 9.
578 1423 641 1462 50.
670 1474 680 1483 “

308 1778 416 1820 quae.
437 1767 485 1807 C.
505 1769 543 1808 ³.
563 1768 626 1808 27.
642 1768 704 1808 6⁶.

311 2008 374 2046 ²9·
396 1995 443 2035 0.
465 1996 502 2036 4.
525 1995 585 2035 15.
607 1995 669 2034 10.

312 3438 375 3475 42.
400 3423 439 3463 s,
461 3424 497 3462 2.
518 3425 556 3464 s.
577 3423 639 3463 92.

1125 240 1191 311 (2.
1237 238 1550 295 HORATI
1588 236 1876 293 FLAOCI

901 404 1425 484 Defunctumque
1455 399 1784 464 laboribus

988 513 1250 598 AEquali
1278 519 1524 576 recreat
1553 519 1723 575 sorte
1753 510 2047 574 vicarius.

901 625 1048 687 Illic
1079 631 1282 686 matre
1314 621 1682 686 carentibus

919 720 930 731 ’
990 733 1308 816 Privignis
1336 732 1569 795 mulier
1598 738 1914 815 temperat
1941 730 2249 795 innocens
2275 757 2290 795 ι

898 845 1045 909 Nec
1075 842 1296 906 dotata
1324 842 1489 924 regit
1519 841 1729 904 virum

989 954 1263 1038 Conjux,
1295 974 1415 1016 nec
1444 950 1650 1015 nitido
1680 951 1822 1015 fidit
1851 950 2176 1015 adultero:

902 1067 1039 1131 Dos
1067 1073 1165 1129 est
1195 1085 1429 1147 magna
1456 1063 1822 1146 parentium

988 1175 1237 1249 Virtus,
1270 1181 1336 1236 et
1364 1182 1661 1235 metuens
1694 1171 1954 1235 alterius
1983 1171 2102 1234 viri

905 1290 1099 1353 Certo
1127 1284 1363 1349 foedere
1406 1283 1691 1359 castitas,
1946 1354 1958 1364 ς

990 1399 1079 1460 Et
1107 1415 1367 1479 peccare
1397 1393 1596 1471 nefaS,
1631 1399 1743 1455 aut
1773 1392 2057 1476 pretium
2088 1391 2308 1456 emori.

904 1511 963 1574 Ο
996 1506 1279 1591 quisquis
1308 1506 1477 1567 volet
1506 1503 1733 1587 impias

992 1616 1214 1682 Caedes
1244 1621 1309 1678 et
1336 1613 1584 1676 rabiem
1615 1613 1838 1676 tollere
1867 1611 2156 1690 civicam,

908 1728 979 1794 Si
1012 1731 1253 1810 quaeret
1284 1725 1476 1787 Pater
1507 1722 1789 1786 Urbium

994 1833 1322 1901 Subscribi
1351 1832 1601 1908 statuis,
1634 1830 2012 1893 indomitam
2045 1828 2276 1892 audeat

907 1949 1252 2014 Refrenare
1280 1943 1629 2019 licentiam,

992 2060 1220 2123 Clarus
1250 2053 1629 2140 postgenitis
1651 2078 1671 2131 ;
1720 2058 2056 2135 quatenus,
2088 2050 2217 2113 heu
2244 2049 2422 2112 nefas
2450 2049 2465 2112 l

906 2171 1239 2235 Virtutem
1266 2165 1659 2230 incolumem
1686 2162 1958 2234 odimus,

998 2279 1331 2345 Sublatam
1363 2297 1440 2339 ex
1469 2274 1671 2338 oculis
1702 2272 2049 2357 quaerimus
2076 2271 2295 2335 invidi.

909 2399 1085 2467 Quid
1114 2397 1331 2460 tristes
1362 2392 1799 2477 querimoniae,

998 2510 1068 2573 Si
1098 2529 1228 2572 non
1259 2504 1567 2590 supplicio
1599 2502 1784 2586 culpa
1813 2501 2120 2566 reciditur
2140 2502 2170 2564 ?

910 2619 1086 2688 Quid
1116 2620 1285 2701 leges
1317 2617 1452 2680 sine
1494 2615 1780 2678 moribus

993 2733 1198 2795 Vanae
1227 2726 1592 2812 proficiunt,
1624 2725 1678 2787 si
1708 2744 1915 2807 neque
1954 2721 2214 2787 fervidis

911 2843 1067 2905 Pars
1097 2838 1341 2900 inclusa
1373 2832 1689 2897 caloribus

993 2948 1254 3024 Mundi,
1283 2966 1405 3009 nec
1434 2946 1657 3008 Boreae
1689 2943 2037 3006 finitimum
2066 2942 2257 3019 latus,

909 3062 1301 3141 Durataeque
1330 3056 1465 3120 solo
1495 3055 1692 3131 nives,

995 3171 1431 3235 Mercatorem
1462 3162 1781 3247 abigunt?
1826 3161 2085 3226 horrida
2113 3162 2328 3232 callidi

909 3282 1204 3346 Vincunt
1234 3298 1487 3361 aequora
1515 3274 1793 3338 navitae?

996 3393 1316 3475 Magnum
1346 3385 1675 3473 pauperies
1705 3383 2113 3468 opprobrium
2137 3382 2326 3465 jubet

913 3501 1181 3572 Quidvis
1211 3512 1277 3565 et
1305 3499 1510 3574 facere
1541 3505 1606 3560 et
1635 3495 1787 3580 pati,

995 3612 1403 3694 Virtutisque
1432 3611 1603 3672 viam
1633 3606 1865 3671 deserit
1896 3603 2161 3668 arduae?

912 3725 1184 3789 Vel'nos
1213 3722 1283 3784 in
1315 3718 1727 3803 Capitolium,

1002 3835 1152 3900 Quo
1183 3832 1424 3894 clamor
1452 3836 1637 3892 vocat
1668 3834 1734 3890 et
1763 3825 1955 3889 turba
1982 3821 2356 3898 faventium,

912 3945 1038 4009 Vel
1067 3964 1185 4007 nos
1215 3941 1286 4005 in
1316 3960 1488 4002 mare
1521 3937 1883 4021 proximum

1001 4057 1306 4120 Gemmas
1336 4058 1403 4113 et
1433 4048 1698 4132 lapides,
1733 4067 1958 4109 aurum
1990 4051 2056 4107 et
2085 4042 2335 4118 inutile,

1071 4230 1150 4276 20.
1188 4228 1423 4289 conjunx.
1561 4224 1639 4269 24.
1677 4225 1751 4269 est
1783 4220 1930 4267 mori.
2064 4215 2143 4266 27.
2180 4216 2382 4276 qua-rit.

2647 402 2723 461 15

2644 951 2730 1011 20

2645 1504 2727 1564 25

2647 2050 2732 2111 30

2647 2614 2730 2674 35
