3025 4776
367 941 452 1001 25

363 1518 453 1580 30

359 2101 445 2163 35

409 4249 494 4299 21.
529 4264 702 4300 naves.
870 4253 951 4300 25.
978 4251 1001 4300 Ρ
1024 4252 1234 4300 ultrast.
1402 4252 1483 4299 40.
1506 4250 1714 4312 vulgus.
1971 4248 2017 4295 1.
2042 4238 2285 4307 querelis.

2159 4369 2200 4416 F
2230 4370 2261 4414 2

1105 298 1552 361 CARMINUM
1621 303 1777 361 LIB.
1821 304 1908 362 ΙΙ.
1952 304 2086 360 xvii.

636 465 901 531 Scandit
930 474 1157 531 aeratas
1185 467 1415 532 vitiosa
1440 467 1620 531 navis

632 580 824 658 Cura,
856 599 975 643 nec
1003 586 1248 643 turmas
1276 579 1571 662 equitum
1601 580 1928 664 relinquit,

632 689 829 754 Ocior
857 689 1074 769 cervis,
1108 696 1175 754 et
1204 698 1435 773 agente
1463 690 1718 755 nimbo‘s

978 801 1175 867 Ocior
1201 803 1399 866 Euro·

630 938 851 1002 Laetus
879 936 947 1001 in
976 958 1255 1023 praesens
1284 938 1536 1002 animus
1567 938 1738 1022 quod
1767 940 1937 1004 ultra
1964 946 2062 1004 est

630 1034 858 1112 Oderit
885 1068 1128 1126 curare,
1161 1055 1228 1111 et
1258 1068 1475 1111 amara
1500 1048 1679 1113 lento

629 1158 967 1251 Temperet
993 1159 1126 1223 risu
1148 1184 1169 1237 ς
1214 1159 1376 1222 nihil
1406 1167 1503 1224 est
1534 1160 1614 1224 ab
1645 1160 1822 1225 omni

974 1270 1168 1335 Parte
1196 1270 1478 1336 beatum.

627 1405 918 1471 Abstulit
949 1407 1188 1471 clarum
1223 1407 1355 1491 cita
1380 1427 1556 1471 mors
1584 1407 1928 1486 Achillem,

624 1517 1231 1600 Longa-Tithonum
1260 1517 1498 1580 minuit
1527 1525 1843 1597 senectus,

560 1678 567 1683 .
624 1627 713 1692 Et
742 1626 903 1691 mihi
929 1627 1168 1706 forsan,
1198 1628 1320 1692 tibi
1349 1628 1521 1712 quod
1548 1628 1816 1713 negarit,

971 1739 1268 1822 Porriget
1298 1740 1501 1810 Hora.

621 1879 712 1944 're
742 1899 969 1962 greges
998 1887 1262 1943 centum
1296 1864 1655 1963 Siculaeque
1685 1878 1926 1943 circum

619 1990 933 2074 Mugiunt
959 2013 1186 2070 vaccae,
1217 1991 1340 2055 tibi
1369 1991 1540 2054 tollit
1568 1991 1895 2055 hinnitum

618 2102 795 2186 Apta
823 2102 1145 2186 quadrigis
1174 2123 1357 2186 equa,
1389 2109 1454 2167 te
1482 2102 1583 2166 bis
1610 2102 1772 2167 Afro

965 2213 1221 2277 Murice
1250 2214 1471 2278 tinctae

617 2349 926 2414 Vestiunt
953 2348 1157 2416 lanae:
1202 2349 1365 2414 mihi
1392 2370 1588 2435 parva
1612 2370 1783 2430 rura,
1815 2358 1882 2415 et

621 2461 932 2545 Spiritum
963 2461 1176 2526 Graiae
1202 2468 1465 2534 tenuem
1496 2461 1797 2525 Camenae

620 2575 820 2650 Parca
846 2594 978 2638 non
1008 2571 1280 2663 mendax
1310 2572 1508 2650 dedit,
1540 2580 1608 2636 et
1635 2573 1991 2657 malignum

964 2684 1274 2768 Spernere
1303 2683 1545 2766 volgus.

1253 3121 1481 3186 XVII.

618 3272 763 3337 Con
792 3290 895 3336 me
926 3270 1225 3354 querellis
1254 3269 1580 3334 exanimas
1609 3268 1786 3332 tuis?

614 3385 756 3449 Nec
785 3383 883 3447 dis
914 3383 1192 3446 amicum
1224 3391 1323 3446 est
1351 3402 1470 3445 nec
1498 3381 1660 3445 mihi
1690 3388 1756 3443 te
1785 3379 1960 3462 prius

697 3494 916 3572 obire,
947 3496 1294 3572 MaecenaS,
1326 3514 1614 3556 mearum

784 3606 1045 3670 Grande
1074 3605 1267 3670 decus
1297 3607 1718 3687 columenque
1748 3623 1985 3666 rerum.

610 3742 717 3806 Ah
746 3742 760 3806 Ξ
811 3750 877 3805 te
906 3763 1067 3805 meae
1097 3741 1153 3804 si
1180 3753 1428 3825 partem
1458 3740 1688 3804 animae
1718 3731 1884 3823 rapit

609 3854 928 3918 Maturior
956 3854 1072 3933 vis„
1104 3854 1259 3937 quid
1286 3874 1500 3917 moror
1528 3853 1778 3917 altera?

693 3964 835 4028 Nec
867 3949 1050 4028 carus
1080 3986 1279 4049 aeque,
1310 3986 1430 4029 nec
1459 3971 1780 4046 superstes

777 4077 1061 4160 Integer.
1152 4077 1274 4142 Ille
1304 4055 1437 4140 dies
1465 4083 1805 4158 utramque

1138 4319 1186 4365 2.
1214 4317 1236 4365 P
1259 4317 1552 4365 amicumst.

2404 504 2466 535 τι.
2487 494 2535 536 0.
2555 497 2593 538 ³.
2614 497 2650 539 1.
2671 499 2736 541 38.

2397 953 2459 997 ις.
2480 943 2528 987 o.
2549 945 2586 987 1.
2607 946 2646 988 ο.
2668 946 2730 990 1³.

2385 1553 2451 1593 3ο.
2468 1541 2517 1584 C.
2537 1543 2575 1585 1.
2593 1544 2656 1585 28.
2676 1545 2715 1586 Θ.

2383 1904 2449 1942 33.
2469 1890 2518 1933 0.
2537 1893 2576 1935 2.
2589 1893 2652 1935 10.
2667 1893 2782 1935 1—9.

2381 2210 2448 2260 3⁶.
2470 2208 2520 2249 Β.
2540 2210 2577 2249 2.
2597 2211 2634 2250 2.
2657 2211 2744 2253 101.

2461 2259 2541 2311 Ep.
2563 2261 2624 2303 12.
2645 2263 2711 2305 ει.

2378 2492 2444 2542 ³8·
2465 2489 2512 2531 e.
2532 2492 2569 2531 ι
2589 2492 2627 2531 o.
2647 2491 2711 2533 20.

2378 2703 2443 2741 4ο.
2465 2689 2512 2730 C.
2533 2691 2570 2731 2.
2591 2691 2653 2730 2⁰.
2675 2692 2714 2732 4.

2530 2743 2568 2782 8.
2590 2743 2626 2783 1.
2649 2743 2685 2783 1.

2369 3648 2408 3685 4.
2431 3637 2479 3677 C.
2501 3636 2536 3678 l.
2557 3639 2594 3677 1.
2613 3638 2652 3677 2.

2370 3775 2408 3817 ς.
2430 3766 2478 3807 C.
2502 3767 2537 3807 1.
2557 3768 2595 3807 3.
2616 3769 2654 3808 8.
