3025 4776
357 280 470 337 102

351 933 448 978 red.
466 934 515 977 Ο.
532 935 572 978 4.
591 934 630 978 7.
649 934 715 978 «13.

357 1455 454 1498 Ver.
473 1456 521 1499 Ο.
542 1458 578 1499 1.
597 1459 662 1501 23.
681 1460 721 1501 5.

353 1556 454 1600 nr.
474 1557 522 1597 C.
542 1558 579 1598 1.
598 1559 662 1599 26.
683 1557 747 1601 11.

479 1607 561 1659 Ep.
583 1609 645 1650 13.
663 1610 703 1650 3.

348 1959 387 2004 ς.
406 1950 460 1993 Ε.
479 1951 517 1995 1.
538 1953 577 1994 7.
598 1952 663 1994 18.

352 2884 412 2922 13.
433 2871 482 2912 Ο.
502 2871 541 2914 8.
560 2869 625 2912 29.
643 2871 707 2913 20.

348 2971 446 3014 Cal.
466 2968 515 3012 (2.
536 2970 572 3010 1.
592 2971 656 3011 20.
676 2971 726 3018 93

590 3021 655 3062 31.
675 3022 714 3063 9.

330 3205 450 3250 Ἰωιτν.
469 3196 518 3238 C.
537 3197 577 3239 2.
590 3197 653 3239 11.
667 3198 732 3239 16.

346 3454 409 3492 19.
429 3442 478 3483 O.
498 3442 536 3482 8.
556 3440 620 3482 21.
634 3441 698 3483 1⁷.

433 3491 486 3533 Ε.
507 3492 544 3533 1.
563 3493 600 3532 5.
617 3493 681 3534 16.

342 3578 408 3610 ao.
428 3564 477 3608 0.
496 3567 536 3608 8.
558 3565 619 3608 12.
639 3567 678 3606 3.

1181 279 1249 352 ρ.
1292 278 1611 337 Horam
1642 277 1937 337 FLACCI

1043 440 1385 527 Disparem
1412 441 1598 506 vites.
1687 441 1831 524 Age
1851 441 2015 525 jam,
2058 461 2348 507 meorum

1385 552 1569 617 Finis
1597 571 1976 616 amorum—

1040 688 1201 754 Non
1229 688 1403 753 enim
1431 688 1701 773 posthac
1729 688 1854 753 alia
1881 688 2099 754 calebo

1040 798 1715 878 Femina‚—condisce
1741 798 1987 878 modos,
2020 800 2294 864 amanda

1038 910 1216 974 Voce
1244 931 1403 994 quos
1431 908 1660 975 reddas
1681 935 1702 989 3
1747 894 2124 976 minuentur
2151 918 2309 976 atrae
2691 912 2776 975 35

1384 1021 1688 1086 Carmine
1717 1041 1910 1087 curse.

1684 1329 1850 1394 XII.

1036 1453 1081 1516 J
1081 1470 1179 1514 ΑΜ
1209 1450 1399 1515 Veris
1427 1452 1715 1530 comites,
1748 1472 1890 1534 quae
1917 1472 2095 1517 mare
2123 1459 2505 1537 temperant,

1035 1559 1393 1644 Impellunt
1421 1561 1655 1626 animae
1682 1561 1885 1625 lintea
1912 1562 2201 1626 Thraciae
2215 1586 2239 1641 3

1034 1671 1079 1734 J
1081 1691 1186 1735 am
1214 1690 1334 1734 nec
1362 1677 1549 1754 prata
1574 1670 1807 1753 rigent,
1839 1691 1960 1736 nec
1988 1672 2168 1735 fluvii
2197 1678 2492 1756 strepunt

1382 1777 1680 1842 Hiberna
1706 1777 1855 1842 nive
1882 1779 2149 1862 turgidi.

1031 1914 1285 1981 Nidum
1312 1913 1519 1998 ponit,
1550 1912 1710 1998 Ityn
1736 1912 2036 1978 flebiliter
2066 1934 2351 1996 gemens,
2732 1919 2772 1980 5

1032 2025 1269 2090 Infelix
1297 2024 1429 2089 avis
1458 2031 1525 2088 et
1554 2023 1876 2108 Cecropiae
1903 2023 2135 2089 domus

1031 2137 1379 2201 AEternum
1407 2133 1841 2219 opprobrium,
1873 2133 2044 2218 quod
2072 2134 2239 2199 male
2266 2133 2569 2200 barbaras

1377 2247 1634 2330 Regum
1663 2252 1762 2309 est
1789 2245 1931 2310 ulta
1953 2244 2272 2311 libidines.

1031 2379 1279 2445 Dicunt
1304 2378 1377 2443 in
1403 2386 1629 2445 tenero
1656 2379 1944 2464 gramine
1970 2378 2309 2465 pinguium

1032 2490 1346 2558 Custodes
1375 2491 1594 2555 ovium
1623 2491 1908 2554 carmina
1936 2490 2174 2570 fistula,
2686 2493 2770 2554 10

1031 2602 1499 2685 Delectantque
1530 2599 1744 2679 deum,
1776 2601 1883 2665 cui
1909 2621 2104 2685 pecus
2134 2607 2200 2665 et
2231 2601 2402 2685 nigri

1377 2711 1588 2776 Colles
1616 2710 1912 2776 Arcadiae
1938 2712 2216 2795 placent.

1029 2845 1373 2911 Adduxere
1403 2845 1581 2909 sitim
1610 2852 1921 2930 tempora,
1952 2844 2189 2930 virgili
2209 2870 2231 2924 3

1032 2955 1163 3020 Sed
1190 2975 1480 3040 pressum
1510 2953 1772 3019 Calibus
1802 2953 2033 3018 ducere
2063 2952 2374 3018 Liberum

1031 3065 1105 3129 Si
1134 3065 1348 3149 gestis,
1370 3065 1684 3149 juvenum
1712 3062 2028 3127 nobilium
2057 3063 2274 3143 cliens,
2684 3066 2764 3128 15

1375 3172 1604 3237 Nardo
1631 3172 1782 3236 vina
1807 3170 2156 3236 merebere.

1027 3308 1236 3375 Nardi
1263 3329 1495 3393 parvus
1525 3327 1696 3392 onyx
1725 3305 1937 3371 eliciet
1965 3305 2219 3385 cadum,

1031 3420 1163 3490 Qui
1186 3415 1361 3484 nunc
1394 3417 1693 3503 Sulpiciis
1722 3415 1991 3482 accubat
2018 3416 2267 3482 horreis

1029 3532 1188 3615 Spes
1216 3529 1454 3594 donare
1480 3549 1679 3594 novas
1705 3528 1944 3611 largus,
1977 3548 2321 3612 amaraque

1375 3640 1695 3705 Curarum
1724 3638 1934 3703 eluere
1964 3638 2206 3703 efficax.
2676 3641 2764 3704 20

1027 3773 1136 3840 Ad
1150 3729 1310 3858 ‘quae
1340 3772 1396 3837 si
1423 3794 1723 3858 properas
1753 3771 2008 3857 gaudia,
2039 3793 2190 3837 cum
2217 3777 2335 3838 tua
2405 3762 2410 3766 ’

1024 3886 1233 3950 Velox
1259 3905 1470 3950 merce
1498 3884 1685 3949 veni:
1731 3904 1864 3949 non
1892 3904 2012 3968 ego
2033 3891 2101 3949 te
2128 3883 2290 3949 meis

1024 3998 1398 4061 Immunem
1426 3994 1703 4060 meditor
1729 3993 1980 4080 tingere
2009 3994 2275 4080 poculis,

1371 4106 1575 4170 Plena
1603 4104 1776 4170 dives
1805 4112 1881 4170 ut
1909 4106 1979 4170 in
2008 4105 2218 4171 domo.

800 4243 880 4293 35.
904 4242 1222 4292 minuuntur.
1360 4245 1406 4290 8.
1445 4241 1471 4291 Ρ
1494 4245 1741 4304 reg-umet.
1877 4244 1964 4291 11.
1987 4242 2298 4292 delectante.
2433 4241 2516 4290 13.
2547 4239 2762 4303 Vergili.

1442 4361 1445 4364 ,
1577 4308 1659 4355 23.
1682 4308 1943 4370 tinguere.
