3025 4776
1021 292 1490 350 SATJRARUM
1562 292 1717 349 LIB.
1775 292 1863 350 II.
1927 291 1963 347 i.
2615 294 2724 348 165

308 439 389 501 55
438 440 552 517 Ut,
588 458 796 521 neque
827 439 998 502 calce
1027 440 1215 523 lupus
1246 462 1632 524 quemquam
1663 462 1871 523 neque
1901 440 2092 504 dente
2143 439 2304 524 petit

654 549 769 612 bos
796 574 809 611 ε

440 659 568 722 Sed
596 659 767 722 mala
795 658 980 721 tollet
1010 680 1207 721 anum
1237 658 1459 722 vitiato
1488 660 1678 723 melle
1710 660 1937 724 cicuta.

436 768 543 832 Ne
572 769 838 851 longum
867 767 1134 841 faciam:
1188 790 1301 831 seu
1331 790 1434 832 me
1463 770 1812 852 tranquilla
1840 778 2133 834 senectus

437 880 784 961 Exspectat
814 900 928 941 seu
958 879 1144 941 Mors
1174 878 1328 941 atris
1357 878 1772 942 circumvolat
1803 880 1938 957 alis,
1965 875 1968 880 ’
2332 903 2409 945 aa.
2432 903 2705 946 e.2.17.25.

439 989 657 1066 Dives,
689 988 893 1072 inops,
930 989 1179 1066 Romae,
1213 1010 1327 1050 seu
1356 987 1486 1051 fors
1517 989 1607 1051 ita
1630 990 1913 1072 jusserit,
1946 990 2144 1066 exsul,

313 1100 397 1159 60
443 1099 751 1180 Quisquis
782 1098 905 1161 erit
937 1098 1109 1176 vitae,
1144 1098 1437 1175 scribam,
1472 1099 1664 1162 color.
1756 1101 1815 1164 O
1844 1120 2023 1181 puer,
2051 1107 2128 1162 ut
2157 1099 2242 1163 sis
2332 1127 2413 1168 σοι.
2435 1127 2484 1167 n.
2507 1128 2542 1167 1.
2564 1127 2625 1167 ιτ.
2646 1129 2709 1167 ae.

441 1207 675 1270 vitalis
703 1214 948 1285 metu0,
979 1215 1047 1270 et
1077 1209 1395 1290 majorum
1424 1229 1506 1270 ne
1538 1208 1680 1290 quis
1711 1209 1954 1271 amicus
2053 1263 2060 1268 .
2333 1242 2506 1293 mai-1³.
2528 1244 2566 1284 1.
2590 1243 2650 1283 1⁷.
2671 1244 2710 1283 2.

442 1317 703 1399 Frigore
731 1325 798 1380 te
828 1316 1035 1380 feriat.
1129 1317 1350 1382 Quid?
1396 1337 1545 1379 cum
1574 1325 1671 1380 est
1699 1319 1987 1382 Lucilius
2017 1337 2207 1382 ausus

444 1427 699 1490 Primus
731 1427 799 1489 in
827 1426 1000 1489 hunc
1032 1426 1237 1508 operis
1267 1447 1646 1508 componere
1677 1429 1957 1491 carmina
1985 1450 2252 1507 morem,

442 1536 798 1600 Detrahere
829 1545 895 1600 et
923 1537 1178 1620 pellem,
1208 1535 1451 1599 nitidus
1482 1558 1610 1619 qua
1639 1538 1904 1620 quisque
1935 1559 2047 1621 per
2075 1560 2186 1602 ora
2330 1569 2394 1616 ⁶⁴·
2415 1565 2465 1606 E.
2487 1567 2523 1606 1.
2545 1566 2606 1607 ιο.
2627 1567 2690 1606 45.

314 1649 395 1708 65
445 1644 715 1709 Cederet
743 1647 1097 1709 introrsum
1126 1646 1333 1728 turpis
1355 1672 1373 1723 ;
1421 1667 1579 1708 num
1607 1647 1846 1711 Laelius
1878 1655 1992 1709 aut
2023 1648 2133 1730 qui

441 1756 646 1819 Duxit
676 1756 755 1818 ab
787 1778 1083 1839 oppressa
1109 1757 1414 1819 meritum
1445 1756 1835 1838 Carthagine
1875 1779 2130 1836 nomen,
2330 1793 2393 1832 ⁶⁶,
2415 1791 2462 1832 0,
2483 1793 2521 1832 ,ι
2541 1794 2579 1832 8,
2602 1792 2664 1832 13,

444 1867 718 1949 Ingenio
748 1866 972 1930 offensi
1004 1874 1116 1929 aut
1144 1867 1295 1929 laeso
1326 1865 1584 1929 doluere
1613 1866 1884 1929 Metello
2331 1890 2420 1931 tao.
2434 1892 2604 1979 Βοὶεῖὸ
2636 1943 2688 1980 80

444 1977 854 2060 Famosisque
885 1977 1073 2057 Lupo
1105 1983 1403 2057 cooperto
1434 1976 1717 2039 versibus
1739 1977 1769 2038 Ρ
1858 1977 2062 2060 Atqui
2465 1971 2474 1981 ’
2523 1970 2532 1980 ’
2606 1971 2616 1981 '
2690 1970 2701 1980 ⁸

443 2087 764 2149 Primores
791 2084 1013 2167 populi
1043 2083 1767 2189 arripuit-populumque
1796 2085 2111 2163 tributim,
2332 2125 2425 2156 arr.
2445 2113 2488 2154 s,
2506 2114 2544 2153 ε,
2564 2116 2603 2154 a,
2623 2114 2713 2154 224,

318 2198 403 2257 70
450 2194 707 2257 Scilicet
738 2193 853 2255 uni
884 2215 1104 2275 aequus
1132 2193 1358 2256 virtuti
1388 2201 1580 2275 atque
1610 2194 1749 2275 ejus
1780 2194 2019 2257 amicis·

449 2303 628 2369 Quin
657 2302 769 2394 ubi
800 2323 866 2365 se
897 2324 934 2365 a
961 2302 1148 2385 volgo
1177 2310 1243 2365 et
1273 2324 1461 2366 scena
1488 2302 1558 2364 in
1587 2310 1830 2365 secreta
1857 2310 2181 2367 remorant

445 2415 673 2476 Virtus
704 2413 1015 2496 Scipiadae
1045 2421 1112 2476 et
1143 2414 1321 2483 mitis
1351 2413 1662 2496 sapientia
1690 2413 1874 2490 Laeli,

443 2523 698 2606 Nugari
729 2544 877 2586 cum
906 2523 1017 2585 illo
1047 2530 1113 2586 et
1144 2523 1439 2586 discincti
1468 2523 1707 2601 ludere,
1741 2523 1943 2587 donec
2334 2555 2724 2607 „„9,13,1‚13,30,

446 2636 928 2717 Decoqueretur
946 2633 1105 2711 oluS,
1128 2633 1320 2696 soliti.
1357 2633 1688 2717 Quidquid
1706 2657 1850 2698 sum
1868 2655 2008 2717 eg0‚
2023 2636 2306 2717 quamvis
2334 2656 2422 2696 otu.
2436 2655 2484 2745 ἓ.
2504 2658 2542 2744 i'
2591 2658 2684 2743 ,ζα

319 2750 400 2810 75
447 2746 629 2810 Infra
657 2743 867 2808 Lucili
897 2763 1159 2806 censum
1186 2743 1665 2826 ingeniumque,
1696 2752 1916 2807 tamen
1946 2767 2050 2809 me
2477 2736 2487 2746 '
2536 2736 2544 2745 '

449 2857 616 2919 Cum
648 2854 899 2933 magnis
928 2854 1156 2915 vixisse
1185 2854 1386 2916 invita
1414 2854 1723 2918 fatebitur
1752 2877 1954 2938 usque
2335 2857 2396 2907 ⁷⁶·
2417 2848 2468 2897 Β·
2490 2856 2526 2896 ¹·

447 2963 699 3027 Invidia
727 2971 792 3025 et
822 2963 1028 3046 fragili
1061 2984 1348 3044 quaerens
1378 2963 1620 3027 illidere
1662 2964 1919 3029 dentem

444 3073 750 3137 Offendet
780 3072 1001 3151 solido,
1033 3073 1153 3135 nisi
1185 3072 1341 3156 quid
1370 3081 1466 3151 tu,
1497 3073 1682 3137 docte
1712 3076 1988 3153 Trebati,

446 3183 788 3265 DissentiS.
878 3182 1198 3265 Equidem
1228 3183 1391 3245 nihil
1422 3183 1572 3246 hinc
1602 3183 1929 3248 diffindere
1959 3208 2214 3269 possum
2242 3214 2262 3265 3

319 3296 406 3357 80
453 3294 578 3357 Sed
607 3301 827 3357 tamen
855 3302 931 3357 ut
957 3293 1242 3356 monitus
1273 3314 1511 3371 caveas,
1545 3316 1627 3357 ne
1657 3294 1820 3359 forte
1850 3298 2071 3379 negoti

450 3403 738 3468 Incutiat
766 3404 884 3467 tibi
916 3402 1066 3485 quid
1098 3411 1463 3466 sanctarum
1493 3404 1745 3467 inscitia
1773 3405 1988 3488 legum
2015 3431 2029 3469 ε

450 3514 519 3575 Si
550 3513 719 3575 mala
748 3512 1106 3576 condiderit
1135 3512 1204 3574 in
1235 3534 1424 3594 quem
1457 3514 1599 3595 quis
1630 3514 1933 3592 carmina,
1960 3516 2068 3598 jus
2097 3524 2196 3580 est
2335 3530 2398 3568 ⁸²-
2420 3526 2471 3567 E·
2490 3526 2528 3566 2·
2551 3526 2587 3566 1·
2609 3524 2697 3564 ¹⁵2·

452 3625 493 3686 J
497 3623 926 3705 udiciumque.
1017 3623 1202 3698 Esto,
1232 3623 1286 3685 si
1320 3623 1462 3704 quis
1492 3623 1697 3688 mala:
1746 3624 1857 3687 sed
1888 3625 2056 3691 bona
2085 3627 2140 3691 si
2170 3628 2310 3710 quis

453 3735 494 3796 J
497 3732 681 3795 udice
712 3731 1067 3795 condiderit
1094 3730 1391 3795 laudatus
1421 3734 1722 3796 Caesare?
1768 3734 1822 3796 si
1853 3734 1993 3816 quis

318 3847 403 3906 85
452 3840 828 3925 opprobriis
857 3841 1127 3923 dignum
1156 3842 1504 3920 latraverit,
1535 3841 1787 3926 integer
1815 3844 1948 3927 ipse
1973 3845 2001 3908 ἲ

453 3954 795 4017 Solventur
824 3952 960 4015 risu
988 3953 1244 4030 tabulae,
1280 3960 1353 4016 tu
1382 3953 1620 4016 missus
1652 3954 1876 4017 abibis.

454 4115 534 4164 62.
574 4114 806 4163 i'cumst.
941 4112 1022 4164 65.
1056 4118 1113 4163 et
1135 4114 1240 4177 qui.
1375 4113 1454 4165 71.
1491 4115 1660 4178 vulgo.
1797 4117 1876 4164 84.
1901 4116 2157 4165 laudatur.
