3025 4776
298 283 411 337 13ss

287 1238 349 1277 ³⁹-
374 1226 421 1268 ιε.
447 1228 480 1269 1.
502 1227 539 1269 s.
562 1228 624 1269 ω.

290 2221 384 2264 sne.
408 2222 454 2261 O.
476 2222 512 2261 8.
535 2221 571 2261 8.
592 2222 630 2263 8.

1097 286 1161 359 ρ.
1206 288 1524 345 JJORATJ
1577 287 1864 344 FLAOOJ

714 445 974 512 Virtute
1005 455 1162 526 est0,
1195 448 1407 533 inquit
1437 449 1755 513 sententia
1787 449 1890 512 dia
1920 450 2185 513 Catonis
2209 474 2232 526 ς

712 558 887 621 Nam
918 558 1111 621 simul
1142 579 1215 622 ac
1245 580 1439 623 venas
1469 560 1717 623 inflavit
1745 567 1914 623 tetra
1929 560 2161 636 libido,

714 667 866 731 Huc
888 668 1153 751 juvenes
1183 688 1439 751 oequum
1469 677 1567 733 est
1597 669 1996 746 descendere,
2030 691 2162 734 non
2193 670 2427 732 alienas

711 777 1073 841 Permolere
1102 798 1350 842 uxores.
1440 778 1668 841 Nolim
1699 778 2036 855 laudarier,
2068 779 2300 861 inquit,
2627 780 2708 839 35

714 887 821 949 Sic
852 906 973 963 me,
1007 887 1272 950 mirator
1301 888 1495 951 cunni
1529 888 1925 970 Cupiennius
1956 887 2103 951 albi.

710 996 950 1060 Audire
980 1005 1077 1061 est
1107 1019 1314 1080 operae
1344 998 1645 1079 pretium,
1677 998 2015 1080 procedere
2045 1007 2215 1061 recte

712 1105 845 1171 Qui
874 1106 1141 1170 moechis
1172 1126 1302 1169 non
1333 1098 1542 1183 voltis,
1575 1115 1650 1169 ut
1680 1108 1857 1170 omni
1886 1116 2065 1190 parte
2095 1107 2385 1171 laborent
2413 1134 2430 1185 ;

713 1215 933 1297 thuc
964 1215 1087 1280 illis
1118 1217 1325 1280 multo
1355 1224 1660 1300 corrupta
1690 1216 1906 1281 dolore
1934 1217 2249 1301 voluptas,

711 1327 925 1407 Atque
955 1325 1092 1391 haec
1121 1349 1282 1403 rara,
1316 1327 1502 1390 cadat
1533 1327 1693 1390 dura
1719 1328 1890 1391 inter
1919 1349 2083 1410 saepe
2112 1328 2364 1411 pericla.
2625 1330 2711 1388 40

688 1434 845 1519 ⁸llic
874 1456 940 1498 sc
970 1436 1357 1518 praecipitem
1388 1442 1562 1499 tecto
1593 1434 1789 1511 dedit,
1823 1437 1930 1499 ille
1962 1436 2225 1517 flagellis

712 1543 816 1607 Ad
849 1552 1117 1607 mortem
1151 1566 1372 1622 caesus,
1405 1545 1660 1627 fugiens
1689 1545 1794 1607 hic
1826 1545 2062 1608 decidit
2094 1567 2303 1608 acrem

714 1653 1093 1717 Praedonum
1126 1654 1191 1715 in
1221 1653 1501 1730 turbam,
1537 1655 1712 1716 dedit
1743 1654 1847 1717 hic
1878 1675 1991 1737 pro
2023 1674 2282 1735 corpore
2314 1674 2632 1717 nummos.

716 1762 910 1826 lluuc
940 1764 1422 1845 perminxerunt
1452 1763 1703 1827 calones
1725 1789 1742 1840 ;
1793 1764 1949 1844 quin
1978 1762 2173 1826 etiam
2202 1763 2362 1825 illud

712 1872 985 1945 Accidit,
1019 1881 1092 1935 ut
1123 1873 1381 1955 quidam
1411 1879 1608 1935 testes
1640 1872 2033 1953 caudamque
2064 1873 2337 1935 salacem
2621 1877 2702 1935 45

712 1984 1081 2046 Demeteret
1109 1984 1295 2046 ferro.
1392 1984 1431 2046 J
1438 2003 1569 2057 ure,
1600 2002 1820 2045 omnes
1847 2008 1859 2044 ε
1911 1982 2118 2046 Galba
2147 1982 2441 2064 negabat.

710 2092 938 2157 Tutior
967 2099 1033 2155 at
1065 2099 1305 2176 quanto
1335 2112 1514 2155 merx
1545 2099 1642 2155 est
1671 2092 1738 2153 in
1771 2092 1966 2154 classe
1997 2091 2297 2170 secunda,

713 2209 1186 2273 Libertinarum
1218 2208 1381 2285 dico,
1416 2208 1759 2271 Sallustius
1789 2207 1855 2269 in
1889 2228 2044 2289 quas

711 2319 864 2383 Non
895 2318 1108 2382 miuus
1138 2318 1377 2381 insanit
1409 2338 1602 2400 quam
1637 2317 1746 2399 qui
1778 2318 2172 2380 moechat-ur:
2224 2325 2290 2381 at
2318 2318 2424 2382 hic
2456 2320 2529 2397 si,

714 2431 861 2495 Qua
890 2449 1010 2504 res,
1044 2448 1170 2510 qua
1200 2428 1366 2490 ratio
1396 2426 1711 2502 suaderet,
1747 2447 1998 2508 quaque
2028 2427 2315 2491 modeste
2621 2433 2706 2491 50

711 2542 785 2605 M
794 2541 1024 2605 unifico
1054 2561 1191 2603 esse
1222 2539 1392 2614 licet,
1426 2538 1616 2628 vellet
1647 2538 1852 2602 bonus
1883 2547 2074 2620 atque
2103 2540 2418 2622 benignus

712 2653 888 2730 Esse,
922 2651 1099 2714 daret
1133 2658 1445 2732 quantum
1478 2650 1636 2712 satis
1665 2659 1834 2712 esset
1863 2670 1982 2713 nec
2012 2650 2132 2712 sibi
2163 2651 2401 2714 damno

712 2761 1151 2844 Dedecorique
1185 2762 1365 2824 foret.
1457 2763 1704 2824 Verum
1737 2761 1859 2824 hoc
1889 2781 1957 2824 se
1989 2763 2395 2844 amplectitur
2422 2784 2573 2838 un0,

716 2872 857 2934 lloc
888 2880 1061 2934 amat
1089 2879 1155 2934 ct
1180 2870 1402 2934 laudat
1429 2896 1442 2933 :
1490 2869 1862 2932 Matrouam
1893 2871 2138 2933 nullam
2169 2892 2288 2953 ego
2315 2881 2531 2953 tango.

714 2982 807 3044 Ut
837 2980 1157 3063 quondam
1189 2981 1522 3054 Marsaeus,
1559 2988 1805 3042 amator
1837 2980 2119 3062 Originis
2148 2981 2279 3058 ille,
2618 2985 2699 3044 55

712 3091 843 3156 Qui
874 3091 1153 3174 patrium
1184 3090 1398 3154 mimae
1428 3090 1624 3153 donat
1655 3090 2050 3171 fundumque
2081 3091 2425 3173 laremque,

710 3202 820 3264 Nil
854 3200 1045 3263 fuerit
1076 3201 1185 3274 mi,
1218 3200 1448 3282 inquit,
1481 3220 1629 3263 cum
1661 3200 1964 3262 uxoribus
1995 3222 2299 3282 umquam
2331 3201 2572 3263 alienis,
2585 3243 2628 3294 χ

712 3314 953 3374 Verum
985 3317 1083 3373 est
1115 3330 1261 3372 cum
1293 3310 1526 3382 mimia,
1563 3317 1660 3371 est
1692 3330 1839 3371 cum
1872 3310 2330 3385 meretricibuS,
2361 3312 2532 3374 unde

714 3421 909 3483 Fama
937 3421 1176 3483 malum
1209 3421 1463 3502 gravius
1496 3440 1686 3501 quam
1718 3441 1820 3482 res
1851 3420 2074 3482 trahit.
2165 3425 2272 3483 An
2301 3420 2422 3484 tibi
2452 3421 2704 3484 abunde

714 3534 1055 3595 Personam
1085 3530 1241 3592 satis
1270 3541 1389 3606 est,
1421 3550 1554 3593 non
1583 3530 1763 3605 illud,
1795 3529 2104 3611 quidquid
2135 3530 2370 3612 ubique
2619 3535 2704 3595 60

710 3641 948 3716 officit,
979 3640 1215 3702 evitare
1238 3640 1268 3699 ?
1360 3641 1610 3702 Bonam
1639 3639 1979 3721 deperdere
2009 3640 2266 3716 famam,

714 3753 873 3813 Rom
904 3750 1100 3833 patris
1117 3749 1444 3824 oblimare,
1466 3749 1708 3811 malum
1734 3763 1828 3830 est
1850 3749 2259 3831 ubicumque.
2308 3751 2482 3815 Quid
2505 3752 2701 3814 inter-

714 3862 823 3923 Est
855 3860 923 3922 in
952 3869 1267 3934 matrona,
1300 3859 1528 3922 ancilla
1559 3841 1860 3942 {wcecffle
1892 3871 2110 3942 togata
2130 3862 2158 3920 ⁴?

712 3969 943 4031 Villius
973 3969 1043 4030 in
1074 3968 1309 4030 Fausta
1342 3968 1538 4030 Sullae
1568 3989 1780 4048 gener,
1813 3968 1934 4030 hoc
1963 3970 2154 4031 miser
2181 3990 2313 4032 uno

708 4076 989 4140 Nomine
1018 4075 1342 4157 deceptuS,
1374 4096 1594 4156 peenas
1626 4077 1798 4138 dedit
1833 4099 2033 4159 usque
2063 4100 2376 4160 superque
2617 4085 2698 4142 65

926 4251 1005 4295 δὲ
1044 4247 1065 4262 ⁴*
1210 4265 1217 4272 .
1539 4248 1566 4261 ’¹
1623 4249 1640 4276 9
1702 4251 1784 4278 „Y
1827 4265 1894 4278 --ν
2099 4254 2116 4276 1
2173 4252 2188 4278 t
2255 4253 2316 4278 ιι·
2425 4269 2458 4278 ψ.

1044 4267 1061 4294 τ
1092 4261 1369 4308 ausurum.
1502 4251 1554 4294 3.
1621 4287 1632 4294 .
1668 4265 1912 4298 amisus.
2052 4253 2130 4298 ff..
2173 4289 2180 4296 .
2221 4269 2478 4300 maiam-⁴2«.
