3025 4776
289 297 400 351 138
425 288 429 292 ’

290 1466 357 1519 in,
371 1464 422 1507 E.
441 1466 478 1508 1.
501 1466 562 1508 12.
581 1465 622 1510 7.

284 1917 383 1958 neq.
406 1907 447 1948 S.
469 1907 504 1948 1.
524 1906 563 1949 1.
582 1907 648 1949 ⁷5.

286 2034 375 2072 ιη.
394 2021 445 2063 Β.
466 2022 503 2064 1.
524 2023 587 2065 10.
605 2024 671 2065 20.

284 2149 374 2187 1¹⁴·
396 2136 438 2179 8.
456 2138 495 2179 2.
515 2138 555 2179 2.
575 2137 639 2180 14.

1143 296 1213 425 Q)
1253 298 1570 355 HORATJ
1603 301 1890 358 FLAcoz

710 457 817 521 Ad
846 459 1008 523 talos
1038 438 1202 524 stola
1229 460 1502 524 demissa
1531 469 1599 525 et
1626 462 2020 527 circumdata
2048 465 2238 547 palla,

709 569 1016 649 Plurima,
1050 590 1193 652 quae
1221 570 1548 634 invideant
1575 593 1732 655 pure
1763 594 2062 657 apparere
2090 574 2211 637 tibi
2237 595 2395 639 rem.
2577 577 2702 639 100

707 679 953 757 Altera,
986 679 1081 742 nil
1109 680 1364 758 obstat3
1414 681 1565 745 Cois
1593 681 1712 745 tibi
1740 704 1921 765 paene
1951 682 2164 746 videre
2194 690 2291 747 est

710 790 810 853 Ut
836 789 1099 869 nudam,
1132 811 1215 854 ne
1244 810 1425 855 crure
1454 792 1645 871 malo,
1676 813 1759 857 ne
1789 793 1874 857 sit
1903 794 2064 877 pede
2093 794 2309 877 turpi3

708 900 935 964 Metiri
964 902 1163 985 possis
1192 903 1381 966 oculo
1410 903 1601 967 latus.
1691 906 1800 968 An
1830 905 1953 969 tibi
1981 905 2184 968 mavis

707 1011 986 1075 Insidias
1015 1013 1153 1076 fieri
1184 1013 1589 1097 pretiumque
1618 1014 1875 1079 avellier
1904 1022 2053 1079 ante

710 1121 927 1188 Quam
957 1143 1235 1186 mercem
1263 1124 1515 1188 ostendi
1538 1125 1568 1187 ⁴?
1616 1130 1661 1160 “
1684 1126 1999 1209 Leporem
2019 1134 2284 1190 venator
2303 1133 2379 1189 ut
2402 1126 2531 1188 alta
2576 1128 2699 1189 105

710 1232 796 1295 In
822 1233 969 1296 nive
998 1239 1298 1312 sectetur,
1332 1234 1616 1317 positum
1646 1235 1737 1299 sic
1767 1242 2031 1319 tangere
2060 1236 2290 1314 nolit,''

708 1341 946 1405 Cantat
976 1348 1041 1405 et
1071 1343 1353 1425 apponit,
1390 1348 1433 1378 “
1455 1344 1651 1407 Meus
1681 1351 1778 1407 est
1809 1366 1987 1409 amor
2015 1344 2168 1409 huic
2197 1344 2422 1408 similis
2448 1370 2461 1407 :
2508 1366 2658 1407 nam

708 1450 1085 1515 Transvolat
1114 1451 1185 1513 in
1214 1451 1427 1515 medio
1455 1453 1665 1535 posita
1692 1459 1759 1516 et
1786 1453 2104 1536 fugientia
2133 1455 2413 1538 captat.’'

711 1561 981 1626 Hiscine
1010 1562 1333 1626 versiculis
1363 1584 1579 1645 speras
1607 1563 1728 1627 tibi
1757 1585 1942 1647 posse
1973 1563 2221 1627 dolores

708 1676 925 1756 Atque
954 1679 1146 1737 aestus
1175 1693 1483 1754 curasque
1514 1695 1734 1754 graves
1763 1694 1799 1736 e
1828 1680 2081 1756 pectore
2110 1674 2312 1755 pelli?
2578 1676 2703 1737 110

707 1784 949 1848 Nonne
978 1782 1383 1865 cupidinibus
1413 1789 1658 1844 statuat
1687 1789 1919 1845 natura
1948 1782 2211 1845 modum
2242 1804 2451 1865 quem,

712 1893 887 1962 Quid
913 1894 1123 1956 latura
1149 1891 1270 1955 sibi
1301 1891 1456 1975 quid
1485 1892 1570 1955 sit
1599 1891 1878 1955 dolitura
1905 1900 2235 1974 negatum,

711 2005 1010 2071 Quaerere
1037 2001 1179 2084 plus
1206 2000 1464 2084 prodest
1493 2006 1560 2063 et
1588 2000 1779 2064 inane
1809 2000 2179 2064 abscindere
2208 2001 2385 2064 soldo
2407 2003 2436 2063 ’ἓ

706 2114 910 2191 Num,
946 2112 1070 2176 tibi
1099 2132 1248 2175 cum
1278 2110 1493 2174 fauces
1521 2112 1653 2174 urit
1681 2111 1843 2190 sitis,
1877 2132 2067 2175 aurea
2099 2112 2329 2194 quaeris

704 2222 947 2288 Pocula
967 2222 997 2284 ⁴?
1040 2244 1201 2285 num
1230 2222 1510 2285 esuriens
1540 2220 1788 2285 fastidis
1817 2222 2035 2285 omnia
2062 2230 2295 2306 praeter
2575 2226 2696 2286 115

703 2335 1025 2399 Pavonem
1044 2331 1552 2414 rhombumque?
1578 2338 1834 2395 tument
1853 2330 1973 2395 tibi
1993 2352 2143 2394 cum
2161 2331 2449 2415 inguina,
2469 2353 2628 2397 num
2647 2333 2700 2396 si

702 2444 961 2508 Ancilla
992 2448 1105 2506 aut
1133 2462 1330 2505 verna
1358 2447 1456 2504 est
1485 2448 1717 2525 praesto
1746 2461 1924 2524 puer,
1956 2441 2236 2524 impetus
2265 2443 2336 2506 in
2366 2465 2556 2526 quem

704 2554 1032 2619 Continuo
1060 2554 1196 2631 fiat,
1227 2552 1416 2615 malis
1445 2540 1763 2635 tentigine
1792 2551 2053 2635 rumpi?
2546 2544 2558 2554 ’

701 2665 860 2729 Non
889 2686 1006 2748 ego
1028 2689 1048 2743 3
1094 2684 1374 2746 namque
1403 2663 1748 2746 parabilem
1780 2683 1926 2726 amo
1954 2684 2250 2726 venerem
2279 2663 2522 2728 facilem
2532 2564 2944 2778 que<affl

706 2777 898 2841 Illam
931 2780 974 2810 “
997 2777 1156 2839 Post
1183 2774 1374 2858 paulo
1399 2774 1463 2836 :''
1514 2777 1560 2808 “
1585 2773 1712 2842 Sed
1741 2773 1940 2856 pluris
1965 2773 2029 2836 :''
2079 2778 2122 2809 “
2142 2774 2213 2836 Si
2243 2774 2466 2837 exierit
2499 2775 2592 2837 vir
2614 2777 2675 2837 :''

708 2886 913 2951 Gallis
934 2911 955 2964 3
988 2886 1156 2949 hanc
1177 2883 1588 2948 Philodemus
1610 2884 1701 2947 ait
1723 2884 1866 2961 sibi,
1895 2905 2036 2967 quae
2059 2904 2265 2966 neque
2289 2906 2524 2967 magno
2573 2888 2692 2949 121

710 2998 855 3061 Stet
884 2996 1088 3079 pretio
1117 3016 1327 3078 neque
1358 3002 1719 3072 cunctetur,
1751 3015 1902 3057 cum
1932 3002 2029 3058 est
2051 2996 2232 3078 jussa
2260 2995 2496 3058 venire.

705 3106 995 3172 Candida
1021 3113 1321 3188 rectaque
1350 3105 1434 3168 sit
1450 3130 1471 3183 3
1518 3105 1762 3168 munda
1788 3104 2125 3183 hactenus,
2156 3113 2232 3168 ut
2260 3126 2470 3188 neque
2506 3105 2698 3187 longa

703 3218 849 3282 Nec
878 3217 1082 3300 magis
1113 3216 1258 3280 alba
1285 3216 1462 3293 velit,
1495 3236 1690 3298 quam
1720 3214 1831 3277 dat
1859 3222 2110 3292 natura,
2143 3214 2364 3279 videri.

708 3328 868 3392 Haec
898 3327 1011 3390 ubi
1040 3326 1369 3410 supposuit
1400 3325 1624 3388 dextro
1654 3345 1881 3408 corpus
1910 3324 2070 3388 mihi
2098 3325 2350 3402 laevum,
2571 3327 2690 3388 125

705 3438 832 3501 Ilia
859 3445 924 3500 et
954 3436 1188 3519 Egeria
1218 3442 1314 3498 est
1336 3461 1356 3513 3
1405 3434 1487 3498 do
1515 3455 1752 3497 nomen
1785 3434 2113 3517 quodlibet
2140 3434 2257 3512 illi,

704 3548 848 3611 Nec
876 3567 1098 3610 vereor
1125 3567 1228 3624 ne,
1259 3545 1414 3608 dum
1444 3545 1649 3623 futuo,
1680 3545 1778 3608 vir
1805 3565 1953 3608 rure
1981 3552 2287 3621 recurrat,

707 3661 750 3722 J
754 3679 923 3722 anua
951 3657 1306 3741 frangatur,
1337 3656 1531 3720 latret
1561 3655 1755 3733 canis,
1787 3655 2072 3737 undique
2102 3676 2337 3738 magno

704 3768 899 3831 Pulsa
928 3767 1155 3830 domus
1185 3767 1458 3850 strepitu
1484 3773 1758 3843 resonet,
1790 3764 2102 3849 vepallida
2130 3765 2298 3828 lecto

701 3879 975 3943 Desiliat
1003 3879 1252 3955 mulier,
1286 3877 1587 3942 miseram
1616 3899 1682 3941 se
1714 3877 1965 3941 conscia
1995 3877 2249 3955 clamet,
2568 3879 2692 3939 130

700 3989 1014 4053 Cruribus
1043 3989 1182 4052 haec
1211 3995 1479 4066 metuat,
1511 3988 1646 4051 doti
1677 3987 2003 4071 deprensa,
2037 3993 2291 4069 egomet
2319 3986 2431 4048 mi.

698 4099 1031 4163 Discincta
1061 4098 1278 4162 tunica
1305 4097 1681 4181 fugiendum
1710 4105 1808 4162 est
1838 4117 1911 4160 ac
1940 4096 2096 4180 pede
2125 4096 2320 4173 nud0,

698 4277 810 4325 101.
836 4275 859 4325 Ρ
883 4275 1129 4324 videi-est.
1199 4271 1312 4324 117.
1340 4274 1363 4324 ἓ
1386 4278 1614 4324 vernast.
1683 4274 1794 4336 122.
1822 4271 1846 4324 ἲ
1872 4275 2059 4323 cumst.
2130 4273 2243 4321 132.
2270 4271 2292 4321 Ρ
2318 4270 2693 4334 fugiendumst.
