3025 4776
967 330 1538 390 EPISTOLARUM
1582 333 1737 389 LIB.
1796 333 1848 389 I.
1909 332 2040 391 xvii.
2605 340 2718 395 223

426 491 497 555 Si
525 491 823 576 prodesse
852 493 981 558 tuis
1008 495 1321 578 pauloque
1350 495 1693 579 benignius
1733 497 1945 581 ipsum

424 605 514 667 Te
544 611 819 667 tractare
847 605 1041 682 voles,
1075 606 1334 669 accedes
1364 606 1569 669 siccus
1600 606 1679 670 ad
1709 615 1999 672 unctum.

423 714 495 776 Si
523 714 864 797 pranderet
893 715 1033 778 olus
1061 716 1399 798 patienter,
1430 716 1688 799 regibus
1716 717 1817 780 uti

421 822 647 888 Nollet
675 825 1060 908 Aristippus.
1154 826 1226 888 Si
1253 826 1443 890 sciret
1470 826 1731 908 regibus
1758 828 1857 891 uti

293 937 373 997 15
420 935 768 998 Fastidiret
795 935 958 1013 olus,
991 935 1101 1019 qui
1131 958 1235 1000 me
1264 944 1468 1000 notat.
1561 938 1791 1002 Utrius
1821 937 2052 1002 horum
2314 958 2371 999 οι.
2392 956 2444 1000 n.
2464 958 2501 999 1.
2522 958 2560 1001 u.
2579 960 2620 1001 2.

418 1045 638 1109 Verba
664 1046 890 1129 probes
920 1053 987 1110 et
1015 1046 1204 1125 facta,
1237 1047 1411 1124 doce,
1444 1047 1544 1111 vel
1564 1047 1783 1131 junior
1811 1048 1981 1127 audi,

423 1157 558 1220 Cur
586 1156 672 1218 sit
701 1156 1010 1239 Aristippi
1040 1157 1247 1241 potior
1275 1158 1598 1221 sententia
1620 1184 1637 1237 ;
1684 1180 1962 1241 namque

421 1266 797 1331 Mordacem
827 1268 1146 1351 Cynicum
1175 1269 1269 1333 sic
1298 1269 1617 1348 eludebat,
1649 1278 1725 1333 ut
1754 1270 1977 1335 aiunt:

425 1378 694 1441 Scurror
721 1398 841 1460 ego
870 1379 1005 1462 ipse
1032 1379 1215 1457 mihi,
1248 1379 1483 1462 populo
1511 1387 1587 1443 tu
1608 1404 1628 1458 3
1674 1381 1910 1444 rectius
1938 1381 2061 1443 hoc
2090 1388 2156 1445 et
2311 1400 2583 1502 ⁸⁰⁶·(20333'
2603 1404 2670 1454 aa,

291 1492 380 1552 20
425 1487 831 1571 Splendidius
860 1490 1067 1553 multo
1096 1498 1213 1553 est.
1280 1492 1506 1573 Equus
1525 1498 1600 1553 ut
1617 1512 1721 1553 me
1743 1499 1976 1575 portet,
2002 1493 2133 1556 alat
2150 1514 2283 1572 rex,
2540 1483 2549 1492 ’

423 1598 720 1662 Officium
750 1599 915 1662 facio
941 1625 954 1662 ε
1002 1607 1076 1662 tu
1108 1600 1312 1683 poscis
1340 1601 1492 1663 vilia
1520 1622 1755 1679 rerum,

421 1710 637 1773 Dante
667 1708 897 1787 minor,
932 1711 1219 1792 quamvis
1248 1710 1374 1774 fers
1403 1718 1469 1774 te
1498 1711 1738 1774 nullius
1769 1720 2086 1795 egentem.

422 1819 651 1884 Omnis
680 1820 1081 1904 Aristippum
1111 1820 1327 1885 decuit
1357 1821 1532 1886 color
1559 1831 1624 1887 et
1654 1830 1860 1886 status
1890 1831 1956 1886 et
1984 1844 2108 1901 reS,
2312 1850 2655 1893 c01.8.2.1.60.
2693 1843 2700 1851 ’

419 1931 866 2013 Temptantem
895 1931 1021 2014 maj
1029 1952 1141 1995 ora
1167 1932 1298 1995 fere
1326 1932 1745 2015 praesentibus
1774 1954 2048 2016 aequum.

292 2041 376 2101 25
424 2039 688 2118 Contra,
722 2061 912 2123 quem
942 2040 1181 2123 duplici
1211 2062 1423 2124 panno
1451 2041 1762 2124 patientia
1788 2043 1980 2119 velat,

417 2149 729 2228 Mirabor,
760 2150 908 2213 vitae
935 2150 1038 2212 via
1064 2150 1119 2213 si
1147 2171 1451 2214 conversa
1479 2151 1750 2216 decebit.
2311 2176 2409 2218 mir.
2430 2177 2480 2217 A.
2503 2176 2548 2219 Ρ.
2567 2179 2655 2219 424.

417 2259 606 2323 Alter
632 2279 1022 2343 purpureum
1052 2280 1184 2322 non
1213 2258 1575 2342 expectabit
1605 2260 1912 2323 amictum
1917 2309 1936 2338 ,

418 2369 753 2435 Quidlibet
780 2369 1045 2434 indutus
1074 2368 1483 2434 celeberrima
1510 2392 1626 2454 per
1653 2371 1794 2435 loca
1824 2371 2028 2461 vade-t,

417 2487 891 2566 Personamque
920 2483 1084 2546 feret
1111 2503 1242 2545 non
1271 2482 1692 2546 inconcinnus
1722 2462 2061 2566 utramque
2087 2509 2106 2561 ;

286 2599 375 2659 30
418 2596 604 2659 Alter
632 2595 848 2658 Mileti
877 2601 1119 2658 textam
1150 2614 1307 2657 cane
1335 2594 1517 2677 pejus
1546 2601 1612 2657 et
1641 2594 1833 2676 angui

417 2706 671 2769 Vitabit
701 2706 1121 2790 chlamydem,
1156 2705 1468 2767 morietur
1495 2704 1752 2788 frigore,
1786 2704 1839 2766 si
1870 2725 2002 2766 non

418 2817 766 2880 Rettuleris
793 2838 1097 2899 pannum.
1190 2815 1385 2879 Refer
1413 2822 1480 2878 et
1508 2816 1646 2878 sine
1677 2815 1845 2877 vivat
1874 2815 2151 2897 ineptus.

419 2926 547 2989 Res
578 2947 795 3009 gerere
824 2934 890 2988 et
921 2932 1138 3008 captos
1168 2924 1503 2989 ostendere
1533 2925 1775 2989 civibus
1803 2925 2021 2987 hostes

419 3038 706 3119 Attingit
735 3038 967 3100 solium
998 3039 1039 3101 J
1042 3038 1175 3101 ovis
1205 3044 1271 3101 et
1302 3039 1583 3102 caelestia
1612 3044 1925 3121 temptat:

286 3152 372 3212 35
423 3148 823 3231 Principibus
851 3148 1158 3230 placuisse
1188 3148 1336 3210 viris
1364 3169 1496 3211 non
1527 3148 1758 3210 ultima
1784 3147 1924 3209 laus
1954 3154 2070 3210 est.
2308 3150 2372 3193 ³⁵·
2395 3142 2445 3233 {2
2459 3142 2670 3234 ¹1'.⁶2'0‘.³³2'³.

419 3262 572 3324 Non
604 3260 799 3323 cuivis
828 3260 1075 3323 homini
1105 3260 1423 3342 contingit
1454 3259 1627 3322 adire
1659 3256 2065 3321 Corinthum.

423 3370 625 3447 Sedit,
658 3371 769 3452 qui
797 3370 1036 3448 timuit,
1069 3392 1150 3433 ne
1180 3392 1313 3433 non
1342 3369 1729 3433 succederet.
1819 3368 1979 3430 Esto
2005 3368 2018 3429 !

422 3481 618 3559 Quid,
653 3481 763 3564 qui
792 3481 1098 3563 pervenit,
1129 3481 1364 3544 fecitne
1392 3478 1709 3542 viriliter?
1799 3476 2002 3558 Atqui

422 3593 552 3656 Hic
581 3601 680 3657 est
710 3600 821 3655 aut
867 3613 1206 3674 nusquam,
1256 3591 1427 3675 quod
1478 3589 1843 3673 quaerimus.
1941 3587 2069 3649 Hic
2121 3607 2283 3649 onus

722 3702 961 3779 horret,

284 3816 374 3877 40
420 3815 518 3878 Ut
547 3814 755 3898 parvis
785 3812 1016 3875 animis
1046 3819 1112 3875 et
1140 3832 1336 3895 parvo
1366 3831 1625 3893 corpore
1655 3809 1863 3893 majus
1890 3833 1904 3872 ε

420 3926 551 3988 Hic
581 3923 755 3988 subit
785 3931 851 3987 et
880 3923 1139 4006 perfert.
1229 3923 1367 3984 Aut
1396 3921 1600 3983 virtus
1629 3939 1863 3981 nomen
1894 3918 2082 3980 inane
2113 3925 2231 3995 est,

417 4037 555 4099 Aut
587 4034 777 4097 decus
808 4040 873 4096 et
903 4033 1182 4116 pretium
1212 4038 1385 4094 recte
1415 4030 1578 4113 petit
1609 4028 1934 4112 experiens
1963 4029 2080 4090 vir.

416 4147 645 4210 Coram
676 4165 826 4227 rege
855 4165 973 4207 suo
1003 4143 1082 4206 de
1110 4147 1483 4226 paupertate
1512 4148 1797 4203 tacentes
2310 4165 2402 4206 req.
2423 4153 2474 4196 E.
2495 4154 2532 4195 1.
2550 4154 2589 4194 ⁷.
2608 4151 2674 4193 3⁷.

281 4286 364 4333 13.
389 4282 554 4330 bolus.
689 4284 770 4331 20.
809 4281 832 4330 Ρ
854 4281 1102 4335 multost3
1127 4281 1210 4326 est
1233 4292 1326 4323 om.
1352 4275 1419 4322 al.
1555 4276 1636 4323 33.
1671 4274 1855 4323 hostis.
1990 4273 2070 4319 34.
2091 4274 2284 4321 tentat.

1057 4346 1138 4393 41.
1176 4345 1199 4393 ἱ)
1220 4343 1442 4388 inanest.

2215 4415 2314 4462 112
