3025 4776
270 1185 353 1244 45

270 1765 355 1824 50

266 2345 347 2406 55

1018 303 1461 361 ΟΑΕΜΙΝΠΜ
1532 304 1686 362 LIB.
1724 305 1846 363 III.
1892 323 2027 364 xxx.

625 456 922 533 Clamore
950 464 1305 555 vieinaequ'e
1334 473 1530 549 silvae,

718 581 885 645 Cum
916 580 1051 645 fera
1080 582 1349 646 diluvies
1378 583 1627 666 quietos

534 717 760 781 Irritat
790 739 1028 782 amnes.
1123 718 1246 783 Ille
1276 727 1505 803 potens
1537 720 1638 805 sui

530 826 878 909 Laetusque
906 828 1117 911 deget,
1151 829 1256 891 cui
1287 830 1434 893 lieet
1464 829 1533 891 in
1564 828 1736 891 diem

594 937 890 1016 ·Dixisse,
928 943 970 974 “
989 939 1181 1002 Vixi:
1230 960 1370 1003 cras
1399 939 1499 1002 vel
1530 946 1670 1002 atra

701 1048 898 1113 Nube
927 1049 1148 1133 polum
1178 1051 1373 1114 Pater
1400 1057 1710 1133 occupato

468 1187 512 1217 “
531 1183 659 1245 Vel
687 1183 818 1247 sole
846 1204 1046 1267 puro:
1096 1204 1228 1248 non
1261 1191 1482 1247 tamen
1510 1184 1790 1262 irritum,

531 1292 1000 1377 Quodcumque
1030 1302 1209 1359 retro
1240 1300 1360 1372 est,
1394 1294 1662 1359 efficiet:
1709 1316 1920 1378 neque

616 1403 926 1487 Diffinget
953 1405 1391 1488 infectumque
1421 1404 1664 1483 reddet,

704 1515 897 1581 Quod
923 1516 1178 1599 fugiens
1207 1516 1405 1579 semel
1433 1516 1593 1579 hora
1621 1515 1859 1607 Yexitl’

496 1659 501 1663 '
528 1651 816 1714 Fortuna
844 1674 1009 1716 saevo
1037 1653 1187 1716 laeta
1215 1653 1493 1736 negoti0,
1528 1660 1594 1716 et

528 1762 792 1826 Ludum
821 1763 1205 1827 insolentem
1233 1763 1451 1827 ludere
1481 1762 1796 1847 pertinax,

612 1875 1030 1938 Transmutat
1060 1874 1339 1938 incertos
1367 1875 1663 1951 honores,

698 1984 897 2048 Nune
926 1984 1109 2063 mihi,
1140 2006 1316 2049 nuno
1346 1984 1454 2047 alii
1483 1984 1781 2068 benigna.

524 2118 750 2183 Laudo
779 2128 1189 2184 manentem:
1238 2119 1293 2183 si
1323 2120 1559 2184 celeres
1591 2121 1798 2204 quatit

523 2231 794 2309 Pennas,
825 2231 1080 2315 resigno
1112 2253 1252 2314 quae
1280 2232 1476 2309 dedit,
1508 2239 1575 2296 et
1604 2253 1748 2295 mea

610 2344 874 2408 Virtute
907 2366 1008 2409 me
1037 2345 1288 2410 involvo
1315 2344 1708 2430 probamque

698 2455 1077 2538 Pauperiem
1106 2456 1241 2520 sine
1271 2457 1421 2519 dote
1453 2477 1691 2539 quaer0.

521 2587 677 2652 Non
707 2596 804 2652 est
833 2610 1070 2668 meum,
1102 2589 1155 2652 si
1186 2590 1432 2672 mugiat
1461 2589 1697 2653 Africis

523 2700 740 2763 Malus
772 2699 1085 2784 procellis,
1119 2699 1199 2763 ad
1228 2700 1488 2764 miseras
1517 2721 1736 2783 preces

607 2811 965 2874 Decurrere
989 2836 1008 2889 ;
1057 2818 1123 2874 et
1151 2811 1318 2875 votis
1347 2810 1602 2894 pacisci,

694 2922 800 2986 Ne
830 2920 1082 3004 Cypriae
1111 2920 1444 3005 Tyriaeque
1474 2941 1716 2985 merces

521 3056 784 3121 Addunt
814 3077 1013 3122 avaro
1031 3056 1285 3120 divitias
1315 3056 1499 3119 mari.

520 3168 701 3232 Tunc
730 3190 854 3246 me,
887 3167 1147 3231 biremis
1172 3168 1468 3252 praesidio
1497 3166 1750 3250 scaphae

604 3281 867 3357 Tutum,
900 3300 1015 3362 per
1042 3280 1301 3363 AEgaeos
1329 3279 1649 3342 tumultus

688 3393 867 3455 Aura
894 3391 1058 3454 feret
1088 3391 1507 3474 geminusque
1542 3389 1786 3453 Pollux.

1141 3788 1355 3853 XXX.
1398 3829 1403 3836 ·

516 3934 729 3998 Exi-:ol
762 3942 1257 4000 monumentum
1287 3957 1412 4000 aere
1441 3936 1806 4020 perennius,

516 4046 866 4129 Regalique
897 4047 1028 4110 situ
1058 4046 1459 4130 pyramidum
1491 4046 1684 4110 altius
1708 4074 1726 4125 ;

518 4155 707 4222 Quod
738 4179 869 4221 non
900 4158 1107 4221 imber
1135 4158 1315 4235 edax,
1347 4179 1479 4223 non
1508 4158 1747 4242 Aquilo
1780 4159 2096 4242 impotens

614 4335 690 4382 46.
717 4334 739 4382 P
768 4337 980 4382 retrost.
1115 4332 1192 4379 54.
1229 4333 1431 4394 pinnas,
1456 4334 1514 4381 B.
1649 4334 1728 4381 62.
1768 4337 1894 4379 tum.

2288 1795 2349 1839 30.
2371 1787 2418 1830 Ο.
2434 1789 2472 1832 2.
2493 1790 2529 1832 1.
2549 1791 2588 1832 8.

2284 2267 2370 2300 ree.
2389 2258 2440 2300 B.
2462 2260 2498 2300 1.
2519 2259 2557 2302 7.
2578 2261 2641 2302 ³4.

2284 2594 2345 2639 ς’).
2367 2586 2414 2627 c.
2434 2589 2472 2628 8.
2495 2588 2532 2628 1.
2551 2589 2615 2629 86.

2282 2638 2381 2687 4sr.
2403 2637 2450 2679 Ο.
2470 2639 2506 2678 1.
2529 2640 2589 2678 14.
2610 2641 2659 2689 63

2532 2691 2571 2730 8.
2593 2690 2654 2730 12.

2285 2933 2389 2986 cyp.
2410 2934 2458 2977 0.
2481 2936 2516 2978 1.
2539 2935 2573 2977 1.
2595 2936 2658 2978 1³.

2281 3094 2379 3126 ava.
2399 3083 2447 3125 Ο.
2469 3084 2505 3125 1.
2527 3086 2590 3126 28.
2613 3086 2676 3128 18.

2277 3385 2340 3434 ⁶⁴.
2362 3382 2410 3424 C.
2431 3383 2467 3423 1.
2487 3384 2596 3432 &23

2496 3435 2555 3473 12.
2577 3435 2641 3475 27.

2428 3485 2466 3525 4.
2485 3487 2523 3525 8.
2542 3486 2606 3526 31.
