3025 4776
1218 335 1370 392 ΑΕΒ
1423 332 1785 398 POETIOA.
2613 327 2725 382 253

297 504 426 566 225
473 501 720 564 Verum
750 498 847 562 ita
872 498 1122 577 risores,
1154 498 1247 562 ita
1277 497 1722 563 commendare
1751 494 1984 562 dicacis

475 610 829 675 Conveniet
860 611 1141 693 Satyros,
1172 609 1264 672 ita
1292 617 1535 673 vertere
1565 607 1730 671 seria
1757 605 1931 683 ludo,

473 721 582 785 Ne
613 721 997 805 quicumque
1026 719 1201 798 deus,
1236 720 1621 803 quicumque
1652 716 2058 781 adhibebitur
2087 714 2291 790 beros,

475 832 703 914 Regali
733 838 1109 913 conspectus
1137 831 1205 893 in
1238 852 1394 894 auro
1423 850 1629 913 nuper
1656 836 1722 892 et
1751 835 1948 905 ostr0,

472 942 721 1024 ‚Migret
750 941 820 1003 in
849 941 1148 1004 obscuras
1178 940 1407 1003 humili
1437 959 1730 1003 sermone
1759 938 2079 1013 tabernas,

300 1055 432 1116 230
475 1054 633 1130 Aut,
665 1051 820 1114 dum
851 1051 1012 1114 vitat
1040 1050 1335 1128 humum,
1366 1050 1571 1113 nubes
1601 1058 1666 1113 et
1694 1048 1914 1112 inania
1942 1054 2175 1130 captet.

474 1163 747 1227 Effutire
777 1163 933 1226 levis
961 1161 1227 1244 indigna
1256 1160 1595 1243 Tragoedia
1622 1181 1861 1238 versus,
2267 1223 2292 1232 κ

476 1274 575 1337 Ut
602 1273 785 1336 festis
813 1280 1110 1336 matrona
1138 1272 1378 1335 moveri
1399 1272 1583 1353 jussa
1614 1269 1858 1348 diebus,
2320 1291 2428 1322 nov.
2449 1280 2556 1321 13-2-
2577 1280 2717 1321 2¹²⁵·

477 1383 784 1447 Intererit
816 1383 1063 1467 Satyris
1094 1382 1355 1466 paulum
1387 1381 1760 1465 pudibunda
1789 1379 2116 1462 protervis.

473 1492 631 1576 Non
660 1514 781 1576 ego
807 1493 1104 1556 inornata
1133 1500 1199 1555 et
1222 1491 1621 1556 dominantia
1648 1491 1910 1555 nomina
1938 1492 2144 1555 solum

302 1606 429 1666 235
451 1604 839 1690 „Verbaque,
875 1604 1156 1681 Pisones,
1194 1606 1572 1687 Satyrorum
1600 1603 1868 1685 scriptor
1896 1601 2161 1678 amab03

438 1766 441 1768 .
476 1715 619 1778 Neo
648 1715 738 1777 sic
768 1714 973 1778 enitar
1002 1713 1244 1796 tragico
1274 1713 1528 1776 differre
1558 1712 1777 1789 colori,

479 1825 578 1888 Ut
605 1823 768 1887 nihil
795 1824 1072 1901 intersit,
1105 1824 1406 1887 Davusne
1435 1823 1736 1905 loquatur
1763 1830 1828 1886 et
1859 1822 2062 1885 audax

478 1933 748 2017 Pythias
776 1942 1077 1998 emuncto
1106 1935 1352 1997 lucrata
1383 1933 1645 1997 Simone
1674 1933 2015 2010 talentum,

478 2046 585 2108 An
616 2053 829 2109 custos
858 2045 1261 2126 famulusque
1291 2044 1394 2107 dei
1424 2044 1683 2107 Silenus
1712 2043 1975 2105 alumni.

308 2155 437 2216 240
480 2155 580 2217 Ex
608 2164 764 2219 noto
792 2156 1016 2218 fictum
1046 2175 1304 2219 carmen
1332 2175 1578 2236 sequar,
1610 2161 1685 2216 ut
1713 2153 1830 2217 sibi
1864 2153 2067 2235 quivis

485 2265 709 2347 Speret
737 2265 930 2343 idem,
964 2265 1149 2329 sudet
1178 2266 1459 2329 multum
1486 2263 1848 2347 frustraque
1878 2264 2121 2327 laboret

481 2376 697 2438 Ausus
726 2373 897 2439 idem
923 2402 937 2440 :
983 2382 1238 2440 tantum
1269 2374 1462 2439 series
1485 2374 1914 2458 juncturaque
1942 2375 2155 2458 pollet,

445 2542 454 2551 .
481 2487 760 2550 Tantum
791 2487 870 2550 de
899 2488 1111 2551 medio
1140 2486 1411 2571 sumptis
1441 2486 1686 2551 accedit
1714 2484 1994 2549 honoris.

482 2600 668 2664 Silvis
698 2600 958 2665 deducti
987 2609 1252 2665 caveant
1280 2622 1384 2665 me
1406 2600 1625 2685 judice
1655 2600 1885 2678 Fauni,

308 2714 436 2774 245
482 2711 589 2774 Ne
619 2711 795 2775 velut
824 2712 1032 2775 innati
1062 2711 1263 2775 triviis
1292 2732 1366 2775 ac
1394 2731 1574 2794 paene
1603 2710 1884 2774 forenses

481 2821 618 2884 Aut
645 2820 919 2883 nimium
950 2821 1186 2884 teneris
1208 2820 1601 2902 juvenentur
1630 2820 1911 2883 versibus
1942 2841 2270 2902 umquam,

485 2931 623 2993 Aut
653 2929 986 2993 immunda
1014 2939 1273 3013 crepent
1302 2930 1852 3013 ignominiosaque
1881 2930 2093 3008 dicta;

485 3044 922 3108 Offenduntur
951 3044 1142 3122 enim,
1178 3043 1409 3126 quibus
1437 3051 1536 3107 est
1564 3065 1767 3127 equus
1795 3052 1860 3108 et
1889 3052 2072 3127 pater
2094 3054 2161 3108 et
2179 3067 2299 3122 res,

482 3152 643 3226 Nec,
675 3152 730 3214 si
762 3151 917 3234 quid
945 3152 1114 3215 fricti
1144 3152 1366 3216 ciceris
1395 3152 1621 3236 probat
1651 3161 1718 3217 et
1746 3155 1929 3217 nucis
1959 3162 2696 3255 emptor,1”-g{c·S-1zg-111⁵-·

306 3264 440 3325 250
485 3263 713 3345 AEquis
744 3263 1064 3345 accipiunt
1094 3262 1322 3326 animis
1354 3263 1672 3328 donantve
1702 3285 1954 3329 corona.

487 3372 746 3456 Syllaba
774 3372 966 3456 longa
993 3373 1169 3437 brevi
1196 3372 1483 3458 subjecta
1512 3382 1777 3439 vocatur
1805 3375 2078 3453 iambus,
2327 3399 2696 3441 iam.C.1.16.³‚

484 3484 607 3547 Pes
637 3485 800 3548 citus
822 3511 841 3562 ς
887 3484 1059 3548 unde
1088 3485 1283 3549 etiam
1312 3486 1617 3548 trimetris
1647 3507 2001 3550 accrescere
2024 3488 2218 3570 jussit

483 3595 744 3658 Nomen
774 3594 1062 3672 iambeis,
1095 3616 1242 3659 cum
1273 3617 1456 3659 senos
1484 3596 1778 3660 redderet
1806 3597 1972 3660 ictus

486 3704 740 3768 Primus
769 3705 851 3767 ad
879 3713 1231 3769 extremum
1265 3706 1487 3769 similis
1509 3706 1654 3771 sibi.
1744 3707 1897 3771 Non
1920 3709 2013 3770 ita
2035 3708 2302 3791 pridem,

312 3815 440 3875 255
488 3814 754 3877 Tardior
786 3822 858 3877 ut
885 3816 1075 3897 paulo
1106 3816 1480 3898 graviorque
1509 3818 1756 3880 veniret
1785 3817 1864 3880 ad
1897 3840 2101 3896 aure-S,

491 3924 817 4006 Spondeos
847 3925 1092 3989 stabilis
1120 3926 1190 3988 in
1211 3927 1360 4007 jura
1388 3934 1653 4009 paterna
1680 3927 1918 4010 recepit

488 4035 879 4099 Commodus
907 4044 973 4099 et
1002 4036 1270 4119 patiens,
1304 4057 1437 4100 non
1467 4044 1540 4099 ut
1570 4037 1648 4101 de
1677 4036 1825 4101 sede
1854 4039 2133 4102 secunda

487 4145 755 4209 Cederet
786 4153 898 4208 aut
927 4154 1155 4228 quarta
1169 4143 1522 4223 socialiter.
1616 4147 1747 4210 Hic
1778 4156 1843 4211 et
1873 4148 1941 4210 in
1972 4149 2129 4213 Acci
2330 4173 2430 4213 Ace.
2455 4171 2562 4212 ιω.
2585 4172 2621 4212 1.
2644 4172 2706 4210 ω.

644 4329 755 4377 225.
792 4330 1010 4378 dicaces.
1146 4332 1261 4378 231.
1299 4330 1452 4378 loves.
1587 4332 1704 4381 256.
1742 4332 1972 4379 stabiles.
