3025 4776
313 275 425 329 186
1166 275 1233 347 Q.
1276 274 1592 332 HORATI
1625 273 1912 331 FLACCI

736 437 1028 500 Unctum
1057 437 1198 501 oleo
1225 437 1402 520 largo
1431 437 1623 501 nudis
1652 436 1936 500 humeris
1964 435 2118 499 tulit
2146 417 2362 514 heres.

736 547 994 611 Scilicet
1023 547 1189 611 elabi
1217 548 1274 610 si
1301 555 1511 630 posset
1541 556 1795 610 mortua
1817 573 1837 625 3
1885 547 2094 625 cred0‚

736 659 927 724 Quod
954 659 1229 722 nimium
1258 660 1582 722 institerat
1609 659 1862 722 viventi.
1953 659 2199 722 Cautus
2229 659 2422 737 adito,

311 794 444 844 aas.
465 795 643 837 1.1s.s.
732 768 883 831 Neu
912 768 1077 831 desis
1106 791 1313 852 operae
1342 790 1498 833 neve
1529 769 1985 832 immoderatus
2016 769 2320 833 abundes,

733 882 1076 946 Difficilem
1107 890 1172 945 et
1202 903 1529 947 morosum
1559 882 1838 945 offendet
1870 882 2160 963 garrulus
2184 908 2202 960 3
2248 883 2420 946 ultro
2639 884 2726 944 90

734 996 890 1057 Non
920 994 1113 1057 etiam
1143 992 1348 1055 sileas.
1436 993 1655 1055 Davus
1685 993 1770 1055 sis
1800 993 2079 1055 comicus
2110 1001 2301 1075 atque

738 1107 883 1169 Stes
911 1105 1117 1186 capite
1146 1103 1417 1186 obstipo,
1450 1103 1729 1165 multum
1758 1103 1983 1165 similis
2012 1104 2347 1167 metuenti.

737 1215 1060 1297 Obsequio
1093 1235 1376 1296 grassare
1397 1239 1417 1291 3
1464 1234 1674 1291 mone,
1707 1214 1761 1275 si
1789 1213 2107 1277 increbuit
2138 1234 2312 1291 aura,

735 1325 979 1388 Cautus
1007 1324 1107 1386 uti
1136 1324 1301 1386 velet
1332 1343 1550 1385 carum
1581 1330 1810 1404 caput3
1857 1323 2119 1385 extrahe
2147 1323 2339 1386 turba

737 1434 1061 1519 Oppositis
1090 1433 1328 1496 umeris
1350 1458 1369 1511 3
1418 1452 1636 1495 aurem
1668 1431 2031 1513 substringe
2061 1434 2332 1516 loquaci.
2639 1438 2722 1499 95

319 1555 424 1608 one,
443 1556 483 1598 s,
504 1558 541 1599 1.
560 1558 597 1599 ὅ.
619 1557 682 1599 12.
736 1546 1156 1628 Importunus
1185 1551 1358 1605 amat
1387 1542 1668 1605 laudari:
1717 1543 1917 1605 donec
1949 1544 2092 1606 Ohe
2114 1545 2289 1626 jam!

734 1655 841 1719 Ad
871 1655 1096 1718 caelum
1126 1653 1421 1717 manibus
1451 1653 1717 1717 sublatis
1747 1654 1997 1731 dixerit,
2031 1675 2208 1736 urge,

738 1766 1146 1828 Crescentem
1174 1763 1439 1826 tumidis
1468 1764 1624 1826 infla
1651 1764 2050 1827 sermonibus
2078 1774 2309 1828 utrem.

739 1878 905 1941 Cum
935 1883 1000 1938 te
1031 1874 1286 1937 servitio
1314 1857 1506 1957 longo
1537 1896 1810 1957 curaque
1839 1875 2063 1939 levarit
2761 1931 2762 1934 ,

737 1989 827 2051 Et
857 1975 1103 2050 certum
1130 1986 1421 2068 vigilans,
1455 1987 1720 2052 Quartae
1750 1987 1833 2049 sit
1861 1987 2059 2069 partis
2092 1987 2334 2065 Ulixes,
2599 1990 2726 2050 100

313 2112 403 2153 era-
426 2100 529 2141 0-1·
552 2101 613 2141 24·
635 2101 673 2141 ὅ·
737 2097 1057 2173 Audieris,
1090 2096 1272 2159 heres
1300 2121 1313 2159 :
1362 2097 1538 2177 Ergo
1568 2117 1740 2158 nunc
1770 2095 1981 2158 Dama
2010 2096 2240 2158 sodalis

314 2217 418 2257 und·
440 2215 480 2257 S·
502 2217 540 2257 2·
561 2216 598 2257 ⁷·
619 2216 708 2259 11⁶·
735 2209 1075 2290 Nusquam
1106 2209 1248 2269 est?
1295 2207 1466 2270 unde
1495 2206 1656 2269 mihi
1685 2214 1820 2268 tam
1849 2207 2081 2269 fortem
2110 2214 2372 2288 tamque
2402 2205 2650 2268 fidelem
2676 2206 2702 2266 Ρ

310 2330 404 2371 wb-
426 2330 475 2371 B·
496 2331 532 2371 1·
552 2334 590 2372 Β·
611 2331 672 2372 1⁶-
739 2321 978 2402 Sparge
1009 2316 1278 2381 subinde
1307 2325 1394 2396 et,
1426 2317 1480 2379 si
1509 2317 1772 2400 paulum
1804 2325 2002 2400 potes,
2035 2316 2411 2379 illacrimare
2434 2343 2453 2394 3
2499 2325 2597 2379 est

740 2431 993 2495 Gaudia
1020 2429 1394 2512 prodentem
1424 2428 1673 2491 voltum
1703 2429 1927 2491 celare.
2022 2429 2391 2511 Sepulcrum

738 2539 1131 2602 Permissum
1163 2539 1424 2603 arbitrio
1454 2540 1590 2602 sine
1619 2539 1909 2603 sordibus
1939 2548 2189 2603 exstrue
2216 2565 2229 2602 ε
2275 2538 2467 2601 funus
2602 2540 2722 2600 105

738 2652 1011 2734 Egregie
1041 2651 1282 2714 factum
1311 2650 1531 2713 laudet
1561 2650 1812 2713 vicinia.
1907 2649 1975 2714 Si
2009 2650 2150 2731 quis

739 2762 930 2825 Forte
961 2760 1344 2824 coheredum
1373 2761 1584 2823 senior
1613 2761 1778 2823 male
1808 2760 2053 2837 tussiet,
2086 2759 2235 2822 huic
2264 2765 2341 2821 tu

740 2872 885 2948 Dic,
920 2893 997 2934 ex
1025 2880 1205 2953 parte
1236 2880 1349 2933 tua
1378 2892 1489 2933 seu
1520 2870 1704 2933 fundi
1733 2871 1862 2933 sive
1893 2870 2120 2933 domus
2149 2870 2233 2931 sit

739 2983 1032 3064 Emptor‚
1066 2981 1450 3063 gaudentem
1482 3002 1750 3044 nummo
1781 2989 1845 3043 te
1875 2980 2186 3044 addicere.
2277 2978 2403 3043 Sed
2433 3000 2538 3042 me

742 3092 1092 3176 Imperiosa
1120 3092 1319 3155 trahit
1351 3092 1764 3175 Proserpina:
1811 3091 1948 3153 vive
1969 3091 2251 3172 valeque.
2604 3091 2730 3152 110

1712 3471 1837 3532 VI.

315 3627 400 3666 vot.
422 3624 474 3668 E.
495 3626 529 3666 1.
548 3626 709 3667 13.1oe.
744 3604 895 3667 Hoc
927 3611 1063 3666 erat
1091 3602 1161 3665 in
1195 3602 1394 3667 votis:
1441 3602 1671 3667 modus
1702 3605 1836 3686 agri
1866 3625 1996 3667 non
2026 3606 2119 3668 ita
2146 3627 2438 3689 magnuS,

743 3715 994 3778 Hortus
1022 3713 1135 3776 ubi
1163 3721 1228 3776 et
1258 3721 1431 3777 tecto
1460 3714 1707 3778 vicinus
1729 3716 1903 3798 jugis
1932 3738 2113 3798 aquae
2142 3717 2284 3780 fons

740 3826 830 3888 Et
859 3825 1118 3907 paulum
1152 3824 1323 3887 silvae
1354 3846 1544 3907 super
1572 3825 1673 3887 his
1700 3826 1885 3891 foret.
1977 3828 2252 3891 Auctius
2282 3835 2473 3911 atque

367 3950 483 4041 ᾗ.
499 3950 549 4039 ἒ
559 3951 600 4040 ῗ
604 3950 709 4040 ἔξω.
741 3935 827 3997 Di
858 3935 1085 3998 melius
1113 3935 1337 3997 fecere.
1429 3934 1608 3997 Bene
1637 3943 1773 3998 est:
1821 3935 1984 3999 nihil
2017 3938 2287 4020 amplius
2318 3959 2450 4015 oro,

373 4073 475 4114 0..s
494 4074 532 4114 2.
553 4074 591 4115 2.
613 4072 698 4113 ιω
741 4044 920 4107 Maia
948 4051 1116 4122 nate,
1149 4043 1271 4109 nisi
1301 4052 1376 4106 ut
1404 4043 1655 4127 propria
1685 4043 1822 4108 haec
1851 4047 2010 4109 mihi
2041 4068 2307 4110 munera
2335 4047 2514 4110 faxis.
2692 4052 2730 4109 ὖ

317 3950 343 3989 b

775 4203 857 4255 97.
892 4220 1015 4270 urge
1040 4210 1109 4254 et.
1246 4206 1357 4252 100.
1394 4207 1525 4252 esto.
1662 4205 1774 4252 102.
1813 4205 1835 4252 Ρ
1863 4211 2185 4269 nusquamst.
2335 4209 2447 4256 104.
2482 4209 2699 4256 vultum.

1356 4304 1367 4317 .
1475 4272 1523 4321 4.
1561 4268 1825 4317 ?benest:
1876 4272 1966 4320 nil.
