3025 4776
1057 359 1398 469 SAJRAR
1409 408 1530 467 m
1601 404 1756 466 Lm.
1815 407 1871 465 I.
1932 428 1984 467 v.
2188 492 2199 511 ‚
2630 411 2737 466 149

319 577 404 641 45
450 573 751 641 Proxima
779 573 1108 656 Campano
1136 572 1320 657 ponti
1350 593 1493 656 quae
1523 571 1759 651 villula,
1791 579 2038 635 tectum
2344 594 2418 636 vn.
2439 594 2481 637 s.
2499 595 2538 636 2.
2557 596 2596 636 s.
2617 596 2680 637 ιο.

451 683 760 761 Praebuit,
794 690 860 746 et
887 681 1148 765 parochi
1178 702 1320 765 quae
1351 680 1585 745 debent
1613 681 1789 763 ligna
1818 682 2160 765 salemque.

453 796 631 859 Hinc
660 792 821 857 muli
851 792 1088 876 Capuae
1118 791 1385 854 clitellas
1414 798 1703 873 tempore
1731 798 2003 873 ponunt.

452 905 704 969 Lusum
733 901 787 966 it
813 886 1159 979 Maecenas,
1194 900 1549 964 dormitum
1578 921 1698 983 ego
1732 900 2207 985 Virgiliusque3

450 1016 754 1096 Namque
782 1012 913 1096 pila
940 1012 1129 1096 lippis
1156 1010 1493 1075 inimicum
1524 1019 1590 1075 et
1617 1011 1838 1076 ludere
1867 1013 2099 1078 crudis.
2345 1038 2426 1090 pn.
2449 1036 2491 1080 s,
2510 1037 2549 1079 ε.
2569 1038 2611 1080 a.
2630 1036 2694 1079 n.

325 1128 411 1190 50
454 1126 633 1189 Hinc
662 1144 778 1188 nos
808 1122 1062 1187 Cocceii
1091 1122 1318 1205 recipit
1348 1121 1721 1204 plenissima
1749 1123 1915 1201 villa,

462 1238 627 1302 Quae
656 1254 845 1317 super
873 1240 972 1297 est
1001 1231 1209 1296 Caudi
1240 1253 1579 1315 cauponas,
1666 1233 1866 1296 Nunc
1894 1233 2053 1297 mihi
2081 1235 2300 1318 paucis

461 1343 784 1409 Sarmenti
813 1363 1047 1406 scurrae
1076 1362 1362 1425 pugnam
1391 1341 1721 1425 Messique
1751 1343 2050 1422 Cicirrhi,

461 1455 677 1532 Musa,
706 1453 897 1517 velim
926 1472 1262 1529 memores,
1297 1458 1362 1515 et
1393 1474 1521 1535 quo
1548 1460 1730 1535 patre
1757 1461 1951 1518 natus
1980 1463 2250 1538 uterque

458 1559 821 1629 Contulerit
848 1562 1015 1626 lites.
1105 1562 1308 1627 Messi
1339 1561 1585 1625 clarum
1616 1584 1818 1645 genus
1849 1565 2000 1629 Osci
2022 1590 2043 1643 3

328 1679 408 1741 55
458 1674 782 1741 Sarmenti
812 1672 1074 1737 domina
1101 1680 1349 1737 exstat:
1398 1672 1478 1736 ab
1508 1672 1610 1737 his
1640 1674 1989 1758 majoribus
2022 1676 2148 1740 orti

457 1786 563 1851 Ad
591 1806 874 1870 pugnam
905 1804 1154 1848 venere.
1245 1784 1433 1848 Prior
1465 1785 1880 1849 Sarmentus.
1928 1787 2099 1870 Equi
2128 1795 2195 1851 te

254 1970 255 1979 1
344 1904 414 1991 [1
457 1899 618 1962 Esse
645 1896 765 1961 feri
794 1896 1070 1960 similem
1101 1894 1263 1959 dico.
1354 1893 1689 1974 Ridemus,
1723 1897 1834 1960 et
1816 1919 1951 1980 ipse

278 2011 301 2045 ‘⁴
317 2000 347 2019 ”
362 2012 387 2039 ‘³
457 2008 777 2072 Messius.
825 2005 1129 2089 Accipio,
1177 2012 1370 2088 caput
1400 2011 1466 2068 et
1496 2013 1748 2070 movet.
1783 2008 1861 2084 O,
1883 2014 2009 2070 tua
2037 2028 2238 2072 cornu

203 2082 211 2097 f

114 2102 120 2111 ¹
152 2052 195 2145 ιθ,
256 2118 275 2137 Γ
318 2114 351 2141 *ιὶ

138 2139 159 2169 ιν
186 2144 189 2147 ’
274 2156 295 2171 1

126 2180 151 2195 ‚¹
192 2174 199 2185 f

101 2202 219 2292 fL‘m

326 2078 357 2111 ⁴
459 2119 554 2183 Ni
581 2118 745 2182 foret
775 2123 1026 2181 exsecto
1054 2115 1252 2194 frons,
1284 2114 1518 2198 inquit,
1553 2115 1706 2198 quid
1735 2116 1992 2194 faceres,
2025 2139 2175 2181 cum

242 2252 267 2345 [
333 2233 420 2295 60
470 2230 576 2294 Sic
604 2228 876 2292 mutilus
905 2225 1222 2290 minitaris
1244 2227 1274 2288 Ρ
1363 2226 1455 2290 At
1483 2224 1578 2289 illi
1605 2225 1778 2291 foeda
1807 2227 2067 2291 cicatrix

471 2344 765 2407 Setosam
792 2339 937 2404 laevi
966 2337 1247 2402 frontem
1275 2342 1643 2422 turpaverat
1672 2337 1819 2402 oris·

464 2453 868 2536 Campanum
895 2450 966 2513 in
993 2449 1314 2528 morbum,
1346 2448 1415 2511 in
1443 2448 1673 2512 faciem
1710 2448 2031 2532 permulta
2052 2448 2326 2532 jocatus,

463 2564 796 2627 Pastorem
828 2559 1089 2622 saltaret
1117 2557 1218 2621 uti
1249 2558 1531 2642 Cyclopa
1558 2557 1825 2641 rogabat
1851 2583 1865 2622 :
2357 2575 2422 2625 ⁶³.
2441 2573 2492 2615 n.
2511 2572 2549 2614 2.
2569 2573 2608 2613 2.
2629 2572 2717 2613 12⁶.

466 2671 587 2735 Nil
615 2670 711 2733 illi
738 2670 915 2732 larva
943 2674 1057 2731 aut
1088 2668 1349 2751 tragicis
1380 2689 1540 2752 opus
1570 2689 1704 2733 esse
1734 2669 2082 2734 cothurnis.

342 2785 424 2845 65
469 2781 688 2845 Multa
717 2778 1043 2845 Cicirrhus
1073 2777 1156 2842 ad
1181 2778 1321 2843 haec
1348 2805 1362 2843 ε
1410 2779 1734 2844 Donasset
1754 2781 1976 2864 jamne
2006 2790 2299 2846 catenam

466 2893 566 2954 Ex
593 2894 745 2953 voto
774 2887 1071 2966 Laribus,
1106 2888 1467 2970 quaerebat3
1515 2889 1723 2954 scriba
1752 2890 1921 2973 quod
1950 2899 2138 2971 esset,

467 3001 703 3066 Nihilo
733 2998 1012 3063 deterius
1042 2998 1318 3063 dominae
1341 3000 1450 3083 jus
1480 3021 1616 3065 esse
1638 3026 1658 3079 3
1703 3001 1971 3085 rogabat

467 3112 788 3194 Denique,
819 3129 935 3173 cur
963 3130 1271 3192 umquam
1300 3108 1592 3193 fugisset,
1625 3112 1731 3175 cui
1749 3112 1916 3196 satis
1945 3134 2076 3176 una

471 3222 686 3287 Farris
711 3221 877 3314 libra
903 3220 1090 3298 foret,
1124 3220 1347 3304 gracili
1378 3220 1469 3285 sic
1498 3228 1762 3305 tamque
1792 3221 2044 3305 pusillo.

345 3338 430 3400 70
472 3337 741 3400 Prorsus
762 3330 1048 3415 jucunde
1079 3352 1302 3395 cenam
1333 3331 1752 3416 produximus
1783 3333 1980 3396 illam.
2085 3395 2092 3406 ,
2155 3377 2184 3402 1.

384 3465 395 3471 ·
474 3443 824 3510 Tendimus
840 3440 995 3504 hinc
1023 3448 1199 3504 recta
1219 3442 1689 3520 Beneventum,
1709 3441 1823 3506 ubi
1840 3441 2094 3506 sedulus
2110 3443 2338 3530 hospes

472 3556 669 3619 Paene
697 3570 951 3631 macros
982 3548 1138 3612 arsit
1167 3547 1325 3611 dum
1353 3549 1579 3614 turdos
1606 3552 1863 3614 versat
1845 3573 1914 3614 ιιι
1942 3552 2119 3635 igni:

474 3664 653 3727 Nam
680 3681 843 3743 vaga
869 3679 983 3743 per
1010 3664 1291 3722 veterem
1323 3658 1567 3743 dilapso
1596 3659 1856 3724 flamma
1885 3662 2167 3727 culinam

474 3774 772 3837 Vulcano
802 3790 1129 3833 summum
1158 3770 1535 3853 properabat
1563 3771 1843 3836 lambere
1872 3779 2138 3838 tectum.

352 3887 433 3949 75
481 3884 794 3948 Convivas
825 3881 1042 3946 avidos
1071 3902 1296 3945 cenam
1327 3902 1664 3964 servosque
1694 3883 1995 3949 timentes

482 3996 651 4073 Tum
678 4011 899 4075 rapere
930 3997 1121 4074 atque
1151 4011 1372 4055 omnes
1399 3990 1795 4075 restinguere
1825 3995 1984 4059 velle
2012 3995 2275 4062 videres.

485 4101 728 4184 Incipit
756 4121 835 4164 ex
862 4100 975 4163 illo
1003 4106 1255 4163 montes
1282 4100 1520 4183 Apulia
1547 4108 1735 4166 notos

488 4215 828 4279 Ostentare
857 4210 1039 4288 mihi,
1074 4231 1233 4291 quos
1262 4217 1461 4274 torret
1489 4212 1810 4276 Atabulus
1841 4222 1907 4279 et
1938 4236 2094 4298 quos

858 4388 937 4437 60.
975 4384 1246 4434 miniteris.
1380 4385 1459 4438 70.
1495 4389 1841 4449 producimus.
2677 4405 2766 4462 ¹‘m‘
