3025 4776
223 703 306 764 15

870 316 1446 374 EPISTULARUM
1518 318 1672 375 LIB.
1739 319 1792 375 I.
1856 318 1968 377 xiv.

356 476 756 541 Fasciculum
787 484 1000 560 portes
1028 477 1363 557 librorum,
1394 486 1468 542 ut
1499 480 1777 544 rusticus
1808 502 2070 565 agnum,

355 591 452 654 Ut
480 588 701 651 vinosa
730 588 980 670 glomus
1008 588 1259 652 furtivae
1287 591 1562 673 Pyrrhia
1592 591 1777 665 lanae,

356 701 453 765 Ut
483 720 633 762 cum
661 698 890 783 pileolo
920 698 1123 762 soleas
1153 700 1418 763 conviva
1445 700 1719 764 tribulis.

353 810 462 874 Ne
490 811 683 893 volgo
706 830 923 872 narres
953 817 1017 872 te
1048 809 1369 874 sudavisse
1398 810 1661 875 ferendo

356 921 681 997 Carmina,
713 941 855 1002 quae
883 921 1128 1004 possint
1157 922 1373 984 oeulos
1403 944 1711 1004 auresque
1741 924 1977 986 morari

356 1031 624 1096 Caesaris
640 1057 659 1108 3
708 1039 925 1095 oratus
957 1031 1164 1094 multa
1196 1053 1397 1115 prece,
1434 1034 1636 1097 nitere
1667 1055 1873 1117 porr0.
1966 1107 1972 1113 ‚

354 1142 558 1222 Vade,
591 1142 748 1221 vale,
781 1163 928 1205 eave
956 1163 1038 1205 ne
1068 1141 1307 1205 titubes
1339 1143 1766 1227 mandataque
1799 1143 2070 1227 frangas,

1136 1528 1328 1593 XIV.

360 1665 607 1726 Vmcn
642 1662 942 1725 silvarum
975 1670 1041 1726 et
1070 1664 1231 1727 mihi
1263 1686 1367 1727 me
1397 1663 1722 1727 reddentis
1753 1665 1961 1747 agelli,

362 1776 572 1840 Quem
603 1781 677 1836 tu
705 1774 955 1836 fastidis
984 1774 1345 1837 habitatum
1380 1775 1665 1857 quinque
1694 1776 1849 1838 focis
1880 1784 1945 1838 et

361 1885 663 1967 Quinque
692 1885 893 1949 bonos
923 1886 1182 1948 solitum
1215 1886 1476 1948 Variam
1508 1887 1831 1949 dimittere
1860 1896 2092 1970 patres,

362 1995 716 2072 CertemuS‚
749 1995 963 2078 spinas
995 1996 1292 2058 animone
1323 2017 1440 2077 ego
1469 1996 1720 2072 fortiuS,
1754 2018 1836 2059 an
1867 2005 1941 2059 tu

361 2105 612 2168 Evellas
642 2127 795 2187 agro
828 2113 894 2168 et
925 2105 1151 2169 melior
1181 2107 1264 2169 sit
1297 2107 1610 2169 Horatius
1642 2128 1722 2169 an
1753 2129 1872 2171 res.

359 2218 474 2280 Me
505 2217 795 2299 quamvis
827 2218 1071 2281 Lamiae
1100 2218 1302 2300 pietas
1334 2226 1400 2281 et
1430 2239 1584 2281 eura
1613 2227 1902 2282 moratur

356 2330 648 2393 Fratrem
679 2314 1019 2405 maerentis,
1052 2337 1235 2413 rapto
1266 2329 1345 2393 de
1375 2330 1573 2393 fratre
1602 2329 1876 2394 dolentis

357 2443 809 2521 Insolabiliter‚
840 2436 1059 2507 ‘tamen
1089 2445 1254 2508 istuc
1287 2466 1467 2508 mens
1498 2445 1875 2527 animusque

356 2555 510 2617 Fert
538 2561 604 2617 et
636 2561 808 2616 amat
838 2555 1060 2637 spatiis
1091 2555 1413 2619 obstantia
1441 2577 1734 2638 rumpere
1765 2556 2058 2619 claustra.

224 2667 313 2727 10
360 2664 537 2726 Rure
569 2684 688 2745 ego
718 2662 1055 2740 viventem,
1088 2670 1162 2726 tu
1193 2664 1350 2726 dicis
1379 2664 1445 2725 in
1479 2663 1636 2727 urbe
1665 2664 1926 2727 beatum
1951 2691 1971 2742 3

222 3224 308 3283 15

216 3776 310 3839 20

212 4271 299 4318 11.
339 4256 722 4314 snimirumst:
759 4267 844 4312 est
865 4280 957 4311 oni.
981 4263 1049 4311 al.
1119 4263 1198 4311 13.
1235 4261 1259 4308 Ρ
1285 4263 1505 4323 culpant.
1608 4263 1687 4311 19.
1722 4278 1840 4323 qua.
1941 4265 2022 4313 21.
2047 4278 2216 4311 vocas.

357 2776 477 2839 Cui
509 2775 716 2858 placet
748 2775 1027 2850 alterius,
1062 2797 1177 2838 sua
1206 2776 1509 2838 nimirum
1542 2785 1640 2839 est
1669 2776 1816 2839 odio
1846 2797 2000 2839 sors.

361 2888 614 2950 Stultus
642 2893 912 2968 uterque
943 2884 1154 2949 locum
1187 2886 1583 2949 immeritum
1615 2896 1910 2950 causatur
1938 2886 2156 2968 inique
2181 2913 2198 2963 3

361 2997 443 3059 In
474 2997 659 3080 culpa
687 3008 784 3060 est
817 2997 1089 3074 animus,
1123 2997 1233 3078 qui
1264 3018 1330 3060 se
1360 3018 1490 3059 non
1521 2998 1746 3079 effugit
1774 3019 2078 3080 unquam.

357 3111 455 3173 Tu
486 3108 908 3171 mediastinus
939 3108 1137 3169 tacita
1167 3129 1352 3190 prece
1380 3129 1533 3170 rura
1561 3107 1843 3191 petebas,

356 3220 553 3282 Nunc
584 3217 808 3281 urbem
842 3224 907 3280 et
937 3217 1121 3295 ludos
1152 3226 1218 3280 et
1248 3218 1477 3280 balnea
1504 3218 1729 3280 vilicus
1757 3227 1941 3301 optas
1962 3245 1982 3298 3

354 3331 470 3395 Me
501 3338 791 3394 constare
820 3329 982 3392 mihi
1014 3331 1136 3392 scis
1166 3337 1231 3393 et
1262 3329 1583 3393 discedere
1613 3331 1884 3408 tristem,

357 3441 913 3523 Quandocumque
942 3440 1211 3502 trahunt
1240 3441 1443 3503 invisa
1472 3441 1733 3523 negotia
1765 3443 2058 3504 Romam.

354 3553 508 3617 Non
540 3552 761 3616 eadem
793 3552 1104 3614 miramur
1126 3578 1145 3628 3
1193 3572 1269 3616 eo
1300 3551 1693 3616 disconvenit
1723 3553 1891 3615 inter

355 3665 596 3745 Meque
628 3670 694 3726 et
725 3670 789 3725 te
816 3688 829 3724 ε
879 3684 1051 3739 nam,
1079 3683 1218 3745 quae
1249 3662 1503 3726 deserta
1532 3672 1597 3727 et
1625 3663 1949 3746 inhospita
1977 3670 2150 3725 tesca

357 3772 600 3847 Credis,
636 3792 890 3834 amoena
924 3778 1130 3848 vocat,
1163 3793 1416 3834 mecum
1449 3773 1557 3853 qui
1588 3772 1805 3846 sentit,
1839 3782 1904 3833 et
1934 3773 2068 3833 odit

356 3884 521 3950 Quae
551 3891 623 3946 tu
656 3882 921 3965 pulchra
951 3890 1157 3964 putaS.
1252 3882 1487 3945 Fornix
1522 3881 1639 3944 tibi
1670 3889 1736 3944 et
1765 3889 1962 3944 uncta
1992 3881 2221 3965 popina

354 3994 695 4059 lucutiunt
724 3992 900 4055 urbis
931 3992 1337 4069 desiderium,
1368 3993 1572 4069 video,
1606 4000 1671 4055 et
1702 3992 1871 4074 quod

353 4104 650 4187 Angulus
680 4104 800 4166 iste
832 4103 992 4166 feret
1021 4103 1197 4186 piper
1227 4112 1292 4165 et
1323 4103 1474 4165 thus
1504 4103 1681 4165 ocius
1712 4107 1851 4179 u'va,

1112 4330 1194 4376 23.
1232 4332 1334 4374 tus.

2533 323 2647 384 217

2244 2600 2281 2638 9.
2308 2588 2346 2626 s.
2371 2587 2410 2628 s,
2436 2588 2640 2629 1.1.114.

2246 3465 2332 3503 ira.
2355 3461 2395 3502 S.
2418 3462 2595 3503 1.1.11.
