3025 4776
405 298 521 354 246

890 1402 1439 1489 EPISTULA
1549 1403 1710 1489 AD
1822 1402 2313 1504 PISONES,

1532 1616 1674 1658 mn

625 1770 791 1874 DE
912 1771 1262 1877 ARTE
1375 1773 1983 1881 POETIGA
2086 1774 2555 1879 LIBER.

829 2171 1140 2234 Humano
1171 2171 1364 2255 capiti
1396 2172 1703 2237 cervicem
1733 2172 1941 2257 pictor
1969 2174 2271 2257 equinam

827 2282 868 2343 J
872 2301 1113 2364 ungere
1143 2281 1197 2344 si
1224 2282 1378 2345 velit
1409 2291 1475 2346 et
1504 2283 1708 2347 varias
1738 2284 2040 2347 inducere
2068 2284 2317 2368 plumas

401 2410 488 2450 tar.
512 2409 562 2450 R.
584 2411 620 2450 1.
640 2412 677 2451 ³.
699 2411 762 2450 22.
827 2390 1131 2475 Undique
1161 2392 1406 2456 collatis
1435 2392 1762 2472 membris,
1793 2404 1868 2457 ut
1898 2395 2172 2478 turpiter
2201 2403 2414 2457 atrum

824 2502 1096 2565 Desinat
1124 2503 1193 2566 in
1220 2502 1456 2586 piscem
1486 2504 1717 2581 mulier
1744 2504 2024 2568 formosa
2053 2525 2344 2588 superne,

827 2614 1202 2695 Spectatum
1233 2613 1492 2677 admissi
1520 2614 1721 2677 risum
1749 2615 2042 2692 teneatis,
2077 2614 2261 2677 amici
2285 2614 2315 2675 ¹?
2786 2617 2826 2676 5

825 2722 1103 2801 Credite,
1138 2723 1421 2803 Pisones,
1453 2722 1559 2786 isti
1592 2724 1829 2787 tabulae
1859 2723 1993 2787 fore
2021 2723 2258 2787 librum

824 2832 1241 2912 Persimilem,
1274 2834 1457 2915 cnjus
1486 2834 1661 2897 velut
1692 2833 1846 2917 aegri
1876 2834 2127 2896 somnia
2155 2853 2335 2896 vsnae

825 2943 1183 3026 Fingentur
1209 2944 1468 3027 species,
1499 2952 1578 3008 ut
1606 2965 1726 3008 nec
1756 2964 1866 3027 pes
1895 2963 2014 3007 nec
2044 2950 2236 3026 caput
2265 2941 2381 3005 uni

826 3054 1159 3118 Reddatur
1187 3054 1432 3119 formae.
1525 3054 1883 3119 Pictoribus
1916 3062 2106 3136 atque
2135 3053 2340 3137 poiitis

826 3164 1161 3230 Quidlibet
1191 3164 1465 3228 audendi
1495 3184 1746 3248 semper
1772 3164 1897 3227 fuit
1927 3186 2112 3247 aequa
2141 3170 2440 3246 potestas.
2740 3166 2826 3225 10

774 3326 779 3331 1
832 3276 1087 3339 Scimus
1117 3285 1183 3340 et
1211 3275 1380 3338 hanc
1411 3275 1663 3338 veniam
1692 3276 2094 3357 petimusque
2124 3274 2474 3355 damusque
2498 3271 2801 3352 vicissim,

826 3385 952 3448 Sed
982 3406 1112 3449 non
1140 3394 1215 3449 ut
1243 3385 1507 3470 placidis
1538 3391 1765 3449 coeant
1795 3384 2091 3462 immitia,
2123 3403 2255 3446 non
2284 3390 2360 3446 ut

824 3496 1162 3579 Serpentes
1193 3496 1412 3560 avibus
1443 3497 1873 3579 geminentur,
1906 3494 2180 3576 tigribus
2211 3492 2382 3577 agni.

821 3606 1104 3689 Inceptis
1132 3606 1429 3690 gravibus
1460 3607 1833 3690 plerumque
1863 3612 1929 3668 et
1958 3626 2194 3687 magna
2220 3602 2518 3687 professis

820 3718 1205 3799 Purpureus,
1238 3717 1367 3780 late
1396 3717 1506 3799 qui
1536 3715 1884 3800 splendeat,
1919 3737 2084 3778 unus
2114 3723 2179 3777 et
2221 3714 2381 3777 alter
2737 3717 2819 3776 15

817 3826 1122 3889 Assuitur
1150 3848 1420 3909 pannus,
1454 3848 1601 3889 cum
1632 3827 1816 3890 lucus
1847 3835 1912 3889 et
1944 3847 2053 3888 ara
2081 3825 2310 3888 Dianae
2723 3800 2734 3813 ⁸

816 3936 905 3998 Et
932 3936 1327 4018 properantis
1358 3956 1540 4018 aquae
1570 3957 1683 4018 per
1712 3957 1997 4000 amoenos
2027 3934 2306 3998 ambitus
2336 3953 2543 4015 agros,

395 4054 503 4098 Rae.
523 4057 570 4098 0.
591 4061 627 4100 4.
649 4062 686 4101 4.
706 4062 768 4102 as.
816 4046 951 4107 Aut
972 4044 1213 4107 flumen
1246 4044 1549 4107 Rhenum
1580 4055 1692 4109 aut
1721 4045 1972 4129 pluvius
2002 4044 2384 4108 describitur
2412 4063 2595 4105 arcus
2616 4069 2638 4120 3

817 4152 943 4221 Sed
973 4174 1146 4216 nunc
1174 4173 1307 4216 non
1336 4160 1475 4215 erat
1503 4154 1603 4217 his
1632 4155 1826 4218 locuS.
1918 4157 2005 4218 Et
2033 4155 2300 4218 fortasse
2332 4174 2704 4236 cupressum

818 4264 953 4327 Scis
984 4264 1281 4327 simulare
1309 4291 1322 4327 :
1373 4264 1525 4346 quid
1557 4265 1696 4343 hoc,
1733 4267 1786 4329 si
1817 4266 2033 4329 fractis
2064 4270 2279 4328 enatat
2309 4286 2529 4348 exspes
2730 4272 2819 4331 20
