3025 4776
1006 258 1477 318 SATIRARUM
1549 260 1705 319 LIB.
1764 261 1817 319 I.
1878 259 1974 316 vii.
2594 265 2704 318 155

420 420 640 484 Durus
671 420 866 485 homo
895 425 1089 503 atque
1117 419 1266 484 odio
1298 419 1409 504 qui
1437 428 1651 504 posset
1679 421 1929 486 vincere
1962 423 2227 506 Regem,

419 530 767 595 Confidens
795 529 1234 613 tumidusque,
1264 530 1422 594 adeo
1451 531 1764 596 sermonis
1794 532 2015 611 amari,

421 640 744 719 Sisennae,
777 641 1012 704 Barros
1041 646 1117 704 ut
1146 640 1326 723 equis
1354 649 1773 724 praecurreret
1801 642 1981 707 albis.

419 750 524 814 Ad
556 752 805 834 Regem
834 749 1043 814 redeo.
1094 711 1121 846 ί
1135 751 1492 834 Postquam
1520 750 1686 814 nihil
1714 751 1887 816 inter
1913 759 2260 837 utrumque

296 861 379 923 10
423 860 739 925 Convenit
760 885 780 938 ;
826 860 950 924 hoc
981 860 1221 924 etenim
1251 867 1404 924 sunt
1432 880 1656 925 omnes
1676 862 1826 945 jure
1853 862 2127 939 molesti,

424 973 575 1037 Quo
603 972 823 1049 fortes,
856 970 1088 1053 quibus
1119 969 1453 1034 adversum
1481 971 1725 1034 bellum
1751 971 2019 1036 incidit:
2064 973 2234 1036 inter

425 1083 712 1146 Hectora
739 1080 1107 1145 Priamiden
1137 1081 1497 1144 animosum
1514 1087 1722 1164 ,atque
1749 1082 1919 1146 inter
1945 1082 2269 1147 Achillem

422 1192 533 1254 Ira
559 1191 685 1255 fuit
714 1191 1018 1275 capitalis,
1050 1196 1126 1254 ut
1154 1190 1385 1255 ultima
1414 1190 1724 1255 divideret
1753 1212 1945 1269 mors,

423 1302 579 1366 Non
609 1302 801 1365 aliam
830 1300 914 1365 ob
943 1321 1221 1378 causam,
1253 1300 1378 1364 nisi
1411 1300 1583 1383 quod
1612 1301 1817 1364 virtus
1843 1301 1914 1364 in
1942 1308 2214 1385 utroque

300 1414 379 1473 15
429 1412 697 1475 Summa
723 1412 847 1475 fuit
875 1436 896 1490 3
942 1411 1072 1475 duo
1101 1411 1157 1474 si
1187 1410 1502 1475 discordia
1530 1418 1715 1476 vexet
1744 1412 1983 1477 inertes

426 1523 564 1585 Aut
593 1521 648 1584 si
677 1520 1032 1603 disparibus
1063 1520 1305 1584 bellum
1332 1520 1597 1599 incidat,
1630 1529 1706 1585 ut
1734 1521 2035 1586 Diomedi

425 1634 593 1697 Cum
621 1633 825 1717 Lycio
858 1633 1029 1698 Glau
1161 1631 1445 1697 discedat
1473 1633 1716 1716 pigrior
1742 1634 1914 1698 ultro

423 1744 807 1808 Muneribus
836 1743 1067 1809 missis.
1159 1744 1367 1808 Bruto
1398 1751 1665 1828 praetore
1693 1752 1958 1810 tenente

425 1854 647 1919 Ditem
674 1853 921 1933 Asiam,
957 1853 1179 1937 Rupili
1208 1860 1274 1917 et
1303 1854 1483 1918 Persi
1511 1876 1627 1938 par
1652 1864 1919 1939 pugnat,
1948 1857 2047 1921 uti
2075 1878 2207 1921 non

301 1968 387 2029 20
429 1965 873 2049 Compositum
901 1963 1133 2028 melius
1162 1985 1311 2027 cum
1343 1964 1544 2028 Bitho
1574 1966 1914 2031 Bacchius.
2005 1970 2091 2032 In
2111 1969 2222 2051 jus

427 2077 627 2141 Acres
654 2082 1063 2160 procurrunt,
1093 2096 1405 2158 magnum
1435 2076 1868 2159 spectaculum
1895 2085 2184 2161 uterque.

432 2184 690 2248 Persius
720 2183 982 2267 exponit
1012 2203 1270 2246 causam
1292 2208 1312 2261 ς
1358 2183 1605 2246 ridetur
1636 2183 1715 2247 ab
1746 2185 1923 2249 omni

432 2298 809 2361 Conventu:
856 2296 1077 2360 laudat
1105 2296 1388 2360 Brutum
1416 2296 1764 2380 laudatque
1793 2295 2144 2374 cohortem,

433 2409 648 2473 Solem
676 2408 851 2472 Asiae
874 2409 1155 2471 Brutum
1185 2408 1480 2491 appellat,
1514 2408 1852 2490 stellasque
1880 2407 2166 2471 salubres

304 2522 386 2582 25
432 2518 730 2602 Appellat
759 2517 1045 2594 comites,
1074 2525 1338 2603 excepto
1371 2519 1553 2601 Rege
1580 2543 1594 2581 ι
1643 2518 1887 2582 Canem
1915 2518 2122 2596 illum,

433 2628 724 2693 Invisum
756 2627 1048 2711 agricolis
1076 2627 1274 2707 sidus,
1306 2628 1594 2707 venisse3
1639 2629 1866 2694 ruebat

433 2740 707 2802 Flumen
734 2746 812 2801 ut
842 2738 1201 2816 hibernum,
1234 2739 1439 2802 fertur
1468 2759 1594 2821 quo
1621 2760 1766 2802 rara
1791 2738 2051 2803 securis.

434 2851 600 2914 Tum
630 2848 1066 2917 Praenestinus
1082 2847 1263 2953 salso
1291 2848 1628 2931 multoque
1655 2848 1884 2913 fluenti
2095 2828 2108 2841 Ρ

432 2946 748 3043 Expressa
776 2950 1037 3022 arbusto
1068 2916 1305 3041 regerit
1334 2958 1639 3037 convicia,
1670 2958 1869 3022 durus

309 3070 395 3132 30
436 3068 883 3151 vindemiator
910 3075 976 3131 et
1004 3067 1302 3145 invictus,
1336 3067 1440 3131 cui
1469 3089 1635 3152 saepe
1664 3060 1869 3133 viator

437 3178 746 3242 Cessisset
776 3199 1010 3261 magna
1039 3179 1424 3262 compellans
1453 3198 1607 3242 voce
1636 3179 1955 3245 cuculum.
2327 3221 2432 3252 eon.
2455 3210 2496 3251 s,
2515 3211 2554 3251 2,
2573 3211 2611 3250 3,
2631 3210 2706 3250 ιω

437 3287 530 3350 At
562 3288 846 3365 Graecus,
878 3293 1219 3371 postquam
1249 3295 1347 3351 est
1378 3289 1549 3354 Italo
1578 3288 1870 3373 perfusus
1899 3297 2098 3363 aceto,

439 3398 698 3461 Persius
726 3398 1075 3462 exclamat:
1125 3400 1252 3463 Per
1279 3419 1566 3482 magnos,
1598 3400 1824 3478 Brute,
1856 3399 2007 3463 deos
2035 3407 2101 3464 te

439 3509 592 3586 Oro,
626 3508 736 3590 qui
764 3529 945 3591 reges
975 3509 1298 3573 consueris
1321 3509 1564 3589 tollere,
1597 3530 1713 3573 cur
1740 3531 1873 3574 non

202 3598 211 3607 ⁸
313 3619 395 3680 35
443 3618 639 3681 Hunc
682 3619 928 3702 Regem
972 3619 1232 3702 jugulas
1251 3620 1281 3682 Ρ
1356 3621 1642 3705 Operum
1693 3620 1835 3699 hoc,
1889 3620 2051 3684 mihi
2096 3621 2299 3699 crede,

658 3735 921 3792 tuorum
952 3736 1070 3793 est.

515 3842 595 3927 31.
619 3878 897 3927 cucullum.
1034 3879 1113 3927 82.
1141 3878 1165 3928 Ρ
1187 3881 1534 3942 postquamst.
1669 3878 1751 3929 35.
1778 3879 1802 3929 Ρ
1825 3882 2106 3929 tuorumst.
