3025 4776
413 258 485 311 92

374 3936 459 3967 ere.
480 3926 527 3967 0.
548 3928 584 3967 4,
608 3927 667 3967 16.
691 3928 751 3968 14.

1212 261 1278 333 Q.
1349 262 1666 320 HORATI
1723 265 2014 324 FLACCI

1098 424 1336 489 videre
1367 426 1569 489 Raetis
1598 428 1765 492 bena
1794 430 1914 493 sub
1956 430 2229 515 Alpibus
2325 399 2333 408 ’

1008 572 1013 577 ·
1097 535 1386 599 Drusum
1416 547 1744 619 gerentem
1775 540 2136 606 Vindelici:
2189 544 2418 626 quibus

1183 647 1335 710 Mos
1365 649 1539 711 unde
1570 649 1880 714 deductus
1911 674 2023 734 per
2050 674 2243 717 omne

1268 758 1552 842 Tempus
1580 762 1940 825 Amazonia*
1964 763 2170 826 securi

1091 892 1366 973 Dextras
1397 894 1705 973 obarmet‚
1739 918 2020 978 quaerere
2052 898 2310 963 distuli:

1089 1002 1233 1066 Nec
1263 1003 1423 1067 scire
1453 1005 1548 1067 fas
1579 1014 1675 1069 est
1706 1008 1963 1071 omnia:
2012 1009 2124 1072 sed
2155 1008 2268 1073 diu

1175 1114 1464 1197 Lateque
1494 1116 1787 1180 victrices
1819 1127 2107 1198 catervae,

1261 1212 1558 1289 Consiliis
1581 1228 1834 1311 juvenis
1862 1231 2133 1309 revictae,

1089 1359 1376 1438 Sensere,
1412 1361 1567 1443 qnid
1598 1385 1779 1428 mens
1808 1365 1953 1443 rite,
1991 1366 2143 1449 quid
2173 1367 2421 1432 indoles

1030 1498 1043 1507 2
1088 1469 1154 1532 N
1158 1470 1357 1532 utrita
1385 1470 1611 1535 faustis
1640 1473 1760 1536 sub
1790 1476 2246 1557 penetralibuS,

1173 1580 1418 1657 Posset,
1454 1581 1609 1663 quid
1642 1582 1922 1667 Augusti
1950 1603 2255 1669 paternus

1256 1688 1336 1751 In
1368 1710 1597 1772 pueros
1629 1693 1879 1756 animus
1911 1697 2224 1760 Nerones.

1085 1837 1309 1900 Fortes
1340 1845 1641 1900 creantur
1669 1839 1942 1904 fortibus
1973 1850 2039 1905 et
2070 1843 2252 1907 bonis
2275 1871 2294 1922 3

1080 1948 1200 2010 Est
1229 1947 1298 2009 in
1321 1948 1634 2031 juvencis,
1669 1957 1766 2013 est
1793 1950 1864 2012 in
1894 1954 2074 2035 equis
2102 1962 2358 2037 patrum

1168 2058 1394 2121 Virtus
1420 2084 1433 2123 τ
1480 2080 1690 2143 neque
1721 2060 2043 2125 imbellem
2074 2064 2313 2129 feroces

1251 2170 1691 2252 Progenerant
1722 2173 1948 2255 aquilae
1979 2175 2363 2240 columbam.

1077 2317 1387 2380 Doctrina
1417 2318 1528 2381 sed
1558 2320 1686 2382 vim
1718 2331 2048 2405 promovet
2079 2324 2360 2405 insitam,

1080 2429 1391 2513 Rectique
1422 2433 1634 2495 cultus
1664 2441 1919 2516 pectora
1946 2436 2250 2501 roborant
2273 2467 2291 2516 3

1164 2540 1536 2624 Utcumque
1567 2542 1850 2608 defecere
1882 2567 2112 2625 mores,

1250 2650 1639 2716 Indecorant
1674 2654 1831 2717 bone
1863 2664 2014 2719 nata
2045 2658 2267 2741 culpae.

1075 2796 1249 2861 Quid
1281 2796 1532 2877 debeas,
1566 2823 1605 2864 o
1638 2802 1865 2882 Roma,
1898 2805 2288 2886 Neronibus,

1071 2906 1279 2969 Testis
1310 2908 1684 2973 Metaurum
1718 2913 1977 2991 flumen,
2011 2928 2077 2978 et
2111 2917 2480 2982 Hasdrubal

1155 3019 1483 3100 Devictus,
1518 3031 1583 3086 et
1613 3025 1877 3106 pulcher
1904 3027 2145 3109 fugatis

1239 3131 1362 3195 Ille
1392 3133 1526 3197 dies
1557 3135 1747 3199 Latio
1778 3138 2081 3217 tenebriS,

1069 3279 1202 3344 Qui
1232 3280 1475 3364 primus
1505 3283 1672 3346 alma
1703 3285 1844 3366 risit
1875 3286 2122 3364 adorea,

1064 3388 1262 3452 Dirus
1293 3411 1406 3473 per
1433 3391 1626 3456 urbes
1654 3393 1815 3458 Afer
1843 3404 1918 3458 ut
1950 3398 2171 3476 Italas,

1149 3499 1284 3561 Ceu
1316 3500 1576 3565 flamma
1604 3526 1716 3586 per
1746 3506 1967 3585 taedas,
1996 3509 2097 3571 vel
2125 3511 2338 3574 Eurus

1240 3613 1365 3676 Per
1398 3616 1645 3680 Siculas
1676 3621 1983 3702 equitavit
2012 3623 2236 3688 undas.

1060 3762 1216 3824 Post
1244 3761 1367 3825 hoc
1397 3765 1690 3830 secundis
1722 3792 1922 3853 usque
1952 3772 2276 3836 laboribus

1061 3872 1352 3935 Romana
1381 3875 1580 3958 pubes
1611 3880 1825 3957 crevit,
1859 3890 1925 3944 et
1955 3883 2149 3965 impio

1143 3983 1417 4046 Vastata
1446 3987 1795 4052 Poenorum
1826 3994 2116 4056 tumultu
2215 4022 2224 4025 ·

1230 4094 1408 4159 Fana
1436 4094 1586 4184 deos
1614 4098 1899 4166 habuere
1929 4113 2172 4168 rectos:
2235 4193 2244 4198 ἢ

1196 4256 1275 4306 17.
1312 4259 1447 4307 Raeti
1478 4299 1596 4311 ......
1606 4267 1662 4311 et
1685 4264 1802 4314 Vin.
1939 4268 2025 4316 36.
2061 4270 2390 4318 dedecorant.

2749 773 2837 833 20

2742 1376 2824 1435 25

2733 1965 2821 2026 30

2725 2558 2806 2618 35

2711 3785 2795 3844 45
