3025 4776
377 330 489 384 232

1218 327 1285 399 ρ.
1338 328 1652 385 HORATJ
1704 328 1992 385 FLACCI

793 491 1106 554 AEstimat
1135 499 1224 567 et,
1257 491 1379 553 nisi
1410 513 1554 574 quae
1583 490 1771 554 terris
1801 499 2046 555 semota
2074 491 2328 573 suisque

792 600 1211 684 Temporibus
1240 601 1542 665 defuncta
1570 601 1765 680 videt,
1797 602 2043 664 fastidit
2072 611 2138 665 et
2167 602 2325 680 odit,

641 706 904 773 coc-Sic
934 711 1147 774 fautor
1176 721 1486 789 veterum,
1518 721 1594 775 ut
1625 712 1877 775 tabulas
1907 733 2166 795 peccare
2196 719 2506 788 vetantes,

795 822 975 885 Quas
1006 821 1103 883 bis
1134 821 1415 902 quinque
1446 822 1562 883 viri
1593 830 1963 897 sanxerunt,
1992 822 2234 885 foedera
2263 844 2488 905 regum

797 932 915 994 vel
947 931 1168 995 Gabiis
1198 931 1295 994 vel
1325 952 1473 994 cum
1504 926 1724 1013 rigidis
1752 943 2005 1014 aequata
2036 932 2315 1009 Sabinis,
2706 936 2793 996 25

700 1053 709 1062 ”
794 1042 1180 1105 Pontificum
1208 1041 1426 1117 libros,
1461 1063 1702 1105 annosa
1730 1043 2056 1105 volumina
2095 1051 2317 1105 vatum

366 1496 453 1534 tn.
476 1495 516 1534 8.
540 1495 575 1537 1.
595 1496 633 1535 ³.
655 1495 716 1534 72.

370 2070 464 2099 arr.
487 2060 534 2099 C.
560 2061 593 2098 4.
617 2061 679 2099 14.
702 2062 761 2099 40.

368 2175 461 2215 dee.
482 2175 529 2216 C.
549 2177 587 2215 4.
608 2177 645 2216 7.
667 2176 727 2216 14.

364 3616 462 3656 Lib.
486 3615 527 3654 S.
547 3616 585 3654 2.
605 3616 643 3654 6.
667 3615 726 3654 19.

366 3716 482 3757 Ean.
506 3717 546 3754 S.
570 3716 681 3755 1.10.
699 3717 761 3754 52.

510 3766 558 3805 E.
581 3766 616 3805 1.
640 3767 701 3805 10.
722 3766 760 3805 7.

358 3964 461 4004 pro.
484 3953 534 3993 A.
556 3950 602 3991 P.
626 3952 711 3991 138.

368 4172 455 4202 rec.
477 4159 524 4199 C.
546 4161 583 4199 3.
605 4160 667 4198 30.
688 4159 724 4196 8.

795 1153 1074 1215 Dictitet
1104 1152 1361 1215 Albano
1390 1153 1617 1215 Musas
1647 1153 1716 1215 in
1746 1162 1966 1216 monte
1997 1153 2263 1217 locutas.

794 1262 884 1338 Si,
918 1262 1067 1344 quia
1100 1264 1474 1326 Graecorum
1504 1273 1658 1325 sunt
1687 1265 2133 1347 antiquissima
2162 1285 2431 1347 quaeque

794 1372 1045 1454 Scripta
1073 1373 1173 1434 vel
1201 1373 1465 1454 optima,
1499 1374 1779 1436 Romani
1810 1383 2160 1457 pensantur
2189 1374 2412 1438 eadem

794 1483 1145 1564 Scriptores
1174 1483 1441 1560 trutina,
1472 1504 1604 1546 non
1634 1493 1731 1547 est
1763 1484 1932 1567 quod
1964 1486 2168 1548 multa
2199 1485 2568 1567 loquamur:
2703 1480 2795 1547 30

793 1593 909 1656 Nil
940 1593 1109 1655 intra
1138 1602 1234 1656 est
1263 1593 1490 1671 oleam,
1524 1595 1614 1656 nil
1646 1605 1827 1658 extra
1855 1608 1952 1659 est
1984 1597 2051 1659 in
2081 1617 2244 1659 nuce
2276 1595 2419 1658 duri
2441 1622 2461 1673 ς

792 1704 1111 1766 Venimus
1140 1704 1221 1766 ad
1251 1727 1576 1768 summum
1610 1706 1905 1785 fortunae,
1938 1708 2262 1790 pingimus
2291 1715 2485 1789 atque

794 1814 1136 1877 Psallimus
1166 1823 1231 1878 et
1260 1815 1585 1878 luctamur
1614 1817 1878 1880 Achivis
1908 1817 2159 1880 doctius
2190 1817 2424 1880 unctis.

796 1925 866 1986 Si
898 1925 1161 1994 meliora
1188 1925 1341 2002 dies,
1374 1935 1450 1989 ut
1476 1927 1645 2003 vina,
1679 1932 1972 2011 poemata
2002 1927 2235 2005 reddit,

796 2036 973 2098 Scire
1002 2035 1213 2113 velim,
1245 2035 1484 2099 chartis
1512 2038 1791 2119 pretium
1824 2045 2058 2120 quotus
2089 2045 2341 2120 arroget
2387 2059 2610 2101 annus.
2700 2041 2787 2102 35

795 2146 1100 2229 Scriptor,
1134 2146 1367 2209 abhinc
1397 2167 1598 2210 annos
1629 2156 1890 2210 centum
1921 2148 2031 2230 qui
2072 2147 2328 2226 decidit,
2360 2149 2530 2212 inter

798 2257 1123 2320 Pei-sectos
1151 2265 1524 2340 veteresque
1554 2257 1772 2319 referri
1804 2256 2014 2335 debet,
2048 2279 2128 2319 an
2159 2259 2328 2320 inter

790 2368 971 2431 Viles
1000 2374 1191 2451 atque
1222 2388 1415 2431 novos
1437 2368 1467 2430 ⁴?
1557 2367 1875 2431 Excludat
1897 2368 2116 2452 jurgia
2143 2369 2310 2432 finis.

790 2481 909 2542 Est
940 2487 1122 2542 vetus
1151 2487 1343 2561 atque
1372 2478 1629 2560 probus,
1663 2488 1923 2542 centum
1955 2480 2066 2563 qui
2095 2479 2341 2562 perficit
2370 2501 2591 2544 annos.

793 2590 986 2668 Quid,
1021 2590 1129 2672 qui
1161 2589 1426 2672 deperiit
1459 2589 1669 2652 minor
1697 2609 1828 2652 uno
1858 2610 2076 2653 mense
2106 2590 2206 2653 vel
2236 2611 2424 2668 anno,
2693 2596 2785 2655 40

791 2702 975 2764 Inter
1005 2721 1163 2784 quos
1192 2699 1559 2762 referendus
1588 2701 1709 2763 erit
1733 2702 1762 2761 ἲ
1807 2710 2136 2764 veteresne
2165 2704 2400 2784 poetas,

789 2815 896 2874 An
929 2831 1087 2893 quos
1116 2817 1181 2873 et
1210 2831 1488 2893 praesens
1518 2817 1584 2872 et
1615 2818 1866 2893 postera
1894 2820 2152 2893 respuat
2182 2821 2336 2874 aetas
2356 2813 2386 2874 ἲ

790 2922 927 2985 Iste
958 2921 1215 3003 quidem
1244 2930 1487 2984 veteres
1518 2921 1690 2984 inter
1719 2929 1995 3004 ponetur
2023 2921 2310 2998 honeste,

792 3032 924 3097 Qui
954 3032 1050 3094 vel
1081 3052 1300 3094 mense
1328 3030 1505 3094 brevi
1537 3032 1636 3094 vel
1665 3039 1805 3095 toto
1835 3040 1936 3095 est
1956 3032 2179 3115 junior
2208 3054 2397 3097 anno·

790 3143 959 3205 Utor
987 3141 1293 3224 permisso
1323 3141 1670 3223 caudaeque
1699 3141 1862 3224 pilos
1891 3149 1967 3203 ut
1996 3142 2249 3223 equinae
2699 3146 2787 3206 45

789 3252 1111 3316 Paulatim
1142 3252 1308 3315 vello
1338 3261 1404 3315 et
1433 3251 1622 3314 demo
1652 3272 1878 3330 unum,
1910 3251 2101 3315 demo
2130 3260 2196 3314 et
2223 3251 2380 3315 item
2413 3273 2633 3329 unum,

794 3366 971 3426 Dum
1002 3362 1187 3425 cadat
1218 3362 1431 3426 elusus
1460 3362 1707 3425 ratione
1738 3362 1986 3424 ruentis
2017 3362 2244 3440 acervi,

792 3474 923 3539 Qui
954 3474 1121 3536 redit
1148 3473 1217 3535 in
1245 3472 1443 3535 fastos
1472 3481 1540 3536 et
1568 3472 1872 3535 virtutem
1904 3472 2182 3535 aestimat
2212 3472 2397 3535 annis

788 3586 1198 3666 Miraturque
1228 3583 1412 3660 nihil,
1444 3583 1569 3645 nisi
1598 3582 1769 3665 quod
1801 3582 2090 3645 Libitina
2117 3583 2410 3646 sacravit.

788 3695 1038 3758 Ennius
1068 3701 1135 3758 et
1163 3693 1413 3777 sapiens
1441 3700 1508 3754 et
1536 3691 1721 3754 fortis
1751 3699 1818 3756 et
1848 3691 2008 3755 alter
2041 3693 2386 3770 Homerus,
2702 3696 2793 3757 50

792 3808 888 3870 Ut
918 3804 1125 3869 critici
1153 3803 1397 3880 dicunt,
1430 3801 1654 3864 leviter
1683 3822 1906 3865 curare
1935 3801 2209 3879 videtur,

791 3919 938 3984 Quo
967 3916 1276 4000 promissa
1304 3913 1538 3978 cadant
1567 3921 1633 3976 et
1662 3913 1912 3976 somnia
1941 3913 2367 3996 Pythagorea.

790 4028 1053 4093 Naevius
1081 4028 1150 4090 in
1178 4023 1479 4088 manibus
1507 4044 1639 4087 non
1671 4031 1769 4086 est
1798 4031 1864 4087 et
1895 4023 2222 4087 mentibus
2250 4023 2454 4086 haeret

792 4143 982 4204 Paene
1010 4157 1232 4203 recens
1252 4137 1282 4198 Ρ
1371 4134 1555 4198 Adeo
1586 4142 1880 4197 sanctum
1911 4140 2009 4197 est
2039 4142 2222 4198 vetus
2250 4153 2440 4195 omne
2468 4135 2720 4215 poe'ma.

1217 4309 1296 4358 31.
1334 4306 1356 4358 Ρ
1381 4309 1858 4360 intrast...cxtrast.
1994 4310 2074 4358 44.
2112 4307 2134 4357 Ρ
2159 4312 2340 4355 totost.
