3025 4776
887 316 1456 375 EPISTOLARUM
1531 318 1683 374 LIB.
1743 318 1796 375 Ι.
1856 316 1913 374 ii.
2525 320 2637 373 203

345 478 653 544 Rusticus
683 489 1029 563 exspectat,
1063 481 1219 545 dum
1248 481 1486 545 defluat
1516 482 1722 545 amnis
1745 507 1764 559 3
1811 488 1879 544 at
1906 480 2015 544 ille

345 590 618 654 Labitur
647 597 713 654 et
742 591 997 655 labetur
1024 592 1095 655 in
1124 612 1314 656 omne
1343 592 1639 656 volubilis
1670 613 1898 656 aevum.

344 701 677 768 Quaeritur
707 709 1047 784 argentum
1076 702 1413 785 puerisque
1441 702 1633 766 beata
1663 702 1951 766 creandis

211 817 298 877 45
346 816 550 893 Uxor,
582 821 649 878 et
675 814 939 879 incultae
967 823 1280 898 pacantur
1309 835 1561 878 vomere
1591 815 1801 879 silvae:
2238 850 2301 893 ⁴⁵·
2322 843 2373 882 11·
2394 843 2430 882 2.
2451 845 2488 883 2
2512 844 2599 884 leo.

348 924 542 991 Quod
570 925 724 988 satis
753 932 853 988 est
882 925 987 988 cui
1016 925 1351 1008 contingit,
1383 925 1549 988 nihil
1579 926 1850 1009 amplius
1879 932 2077 1008 optet.
2237 897 2343 1034 *ζ
2323 893 2369 934 c
2390 895 2633 1035 &Signa

345 1036 503 1100 Non
531 1034 760 1099 domus
789 1043 856 1099 et
883 1034 1139 1113 fundus,
1172 1056 1304 1100 non
1333 1036 1475 1099 aeris
1507 1057 1766 1100 acervus
1796 1046 1861 1100 et
1890 1036 2031 1098 auri
2237 1057 2301 1094 47
2316 1005 2428 1085 0²⁸³
2450 1045 2487 1085 1
2505 1046 2572 1085 41-

345 1147 621 1230 AEgroto
647 1146 890 1211 domini
920 1145 1184 1210 deduxit
1212 1167 1474 1230 corpore
1501 1147 1733 1226 febres,

344 1258 502 1322 Non
531 1258 746 1322 animo
775 1278 979 1321 curas.
1069 1257 1301 1321 Valeat
1329 1278 1649 1341 possessor
1677 1266 1948 1342 oportet,

216 1374 304 1434 50
351 1369 422 1433 Si
453 1368 865 1452 comportatis
891 1366 1085 1432 rebus
1110 1368 1274 1432 bene
1303 1369 1545 1450 cogitat
1574 1368 1692 1432 uti.
2240 1391 2323 1441 aa,
2342 1391 2383 1432 s.
2403 1393 2442 1431 2.
2461 1394 2499 1432 3.
2523 1392 2608 1431 109.

350 1479 482 1546 Qui
512 1478 689 1562 cupit
718 1485 830 1541 aut
859 1478 1112 1556 metuit,
1139 1479 1326 1561 juvat
1354 1478 1537 1541 illum
1567 1478 1656 1541 sic
1686 1478 1916 1542 domus
1945 1485 2012 1543 et
2039 1500 2160 1557 res,
2241 1519 2336 1559 cup
2358 1508 2409 1547 Ε
2430 1508 2467 1548 ι
2486 1511 2524 1548 o
2546 1508 2609 1548 12

348 1592 447 1654 Ut
478 1589 723 1673 lippum
751 1589 939 1673 pictae
969 1589 1225 1667 tabulae,
1258 1588 1547 1653 fomenta
1574 1589 1948 1672 podagram,
2233 1610 2346 1660 som
2362 1609 2428 1700 ¹1⁷3.
2434 1610 2534 1699 ,111ι
2549 1609 2617 1698 ¹22.

347 1701 688 1764 Auriculas
718 1699 980 1764 citharae
1010 1700 1276 1764 collecta
1305 1700 1490 1764 sorde
1521 1699 1832 1765 dolentes.

353 1812 689 1875 Sincerum
719 1818 816 1875 est
844 1811 968 1874 nisi
993 1832 1119 1890 vas,
1142 1810 1591 1894 quodcumque
1620 1812 1925 1890 infundis,
1957 1812 2208 1876 acescit.
2239 1831 2324 1874 εἰη.
2350 1831 2391 1870 s.
2412 1831 2449 1870 1.
2470 1832 2508 1871 3.
2529 1832 2592 1870 ss.

219 1927 303 1986 55
352 1924 593 2005 Sperne
622 1923 979 2005 voluptates
1001 1948 1021 2001 3
1067 1929 1255 1986 nocet
1284 1929 1499 2005 empta
1529 1922 1743 1986 dolore
1771 1907 2082 2006 voluptas.
2242 1956 2305 2000 55.
2327 1947 2368 1989 s.
2390 1947 2426 1987 1.
2447 1947 2485 1986 2.
2504 1947 2569 1988 39.

354 2035 617 2118 Semper
646 2055 870 2097 avarus
900 2039 1047 2115 eget
1061 2059 1082 2109 3
1130 2041 1377 2096 certum
1408 2040 1557 2097 voto
1584 2041 1730 2118 pete
1757 2035 1973 2099 finem.
2233 2065 2317 2115 fin.
2340 2062 2582 2104 111192.

353 2144 617 2209 Invidus
646 2143 906 2207 alterius
934 2144 1268 2207 macrescit
1296 2144 1487 2208 rebus
1517 2145 1782 2227 opimis3
2244 2177 2595 2233 57.s.1.1.111.

356 2254 610 2319 Invidia
641 2254 839 2320 Siculi
868 2275 999 2318 non
1027 2255 1324 2318 invenere
1352 2255 1611 2339 tyranni

357 2365 426 2430 M
440 2365 580 2450 ajus
610 2372 1026 2431 tormentum.
1120 2364 1253 2431 Qui
1283 2387 1413 2431 non
1443 2366 1878 2441 moderabitur
1906 2366 2016 2432 irae

223 2481 312 2542 60
357 2478 681 2543 Infectum
710 2477 880 2542 volet
909 2498 1064 2550 esse,
1096 2477 1274 2542 dolor
1303 2478 1472 2561 quod
1502 2479 1772 2543 suaserit
1801 2487 1867 2544 et
1906 2501 2107 2558 mens,

355 2590 533 2652 Dum
562 2610 784 2673 poenas
812 2588 960 2652 odio
988 2609 1101 2671 per
1127 2588 1259 2651 vim
1286 2588 1550 2652 festinat
1576 2589 1806 2653 inulto.

357 2703 469 2766 Ira
495 2700 673 2765 furor
705 2700 907 2763 brevis
936 2706 1034 2763 est
1060 2724 1074 2763 z
1123 2700 1412 2762 animum
1441 2721 1612 2783 rege,
1646 2699 1756 2782 qui
1784 2699 1908 2763 nisi
1937 2706 2139 2783 paret,

357 2812 642 2895 Imperat
664 2838 684 2890 3
730 2810 905 2873 hunc
934 2810 1148 2888 freniS,
1181 2809 1356 2873 hunc
1384 2819 1458 2874 tu
1489 2831 1816 2894 compesce
1848 2818 2095 2874 catena.
2244 2824 2600 2874 ⁶³-0·1-16-22-

358 2923 580 3005 Fingit
610 2944 847 3006 equum
878 2929 1100 2986 tenera
1128 2920 1399 2984 docilem
1429 2922 1670 2985 cervice
1700 2922 2006 3005 magister

222 3038 309 3099 65
360 3035 466 3098 Ire
496 3033 684 3111 viam,
718 3054 846 3115 qua
872 3039 1188 3095 monstret
1217 3052 1409 3113 eques
1431 3058 1451 3109 3
1497 3033 1845 3110 venaticus,
1878 3054 1954 3096 ex
1987 3055 2112 3116 quo

357 3147 670 3229 Tempore
700 3145 1015 3209 cervinam
1046 3144 1279 3228 pallem
1308 3144 1567 3207 latravit
1593 3145 1663 3207 in
1708 3146 1874 3223 aula,

357 3256 606 3320 Militat
634 3256 703 3318 in
731 3256 902 3319 silvis
931 3255 1203 3319 catulus.
1295 3256 1492 3318 Nunc
1525 3255 1753 3319 adbibe
1782 3278 1943 3339 puro
2243 3283 2344 3323 pur.
2365 3271 2406 3313 Β.
2430 3272 2463 3311 1-
2483 3272 2521 3311 6-
2541 3272 2606 3311 ⁶¹·

356 3367 625 3430 Pectore
655 3366 867 3445 verba,
898 3388 1074 3450 puer,
1106 3387 1280 3430 nunc
1310 3374 1375 3430 te
1405 3366 1776 3431 melioribus
1797 3358 1984 3431 offer.
2249 3388 2345 3429 met.
2368 3388 2416 3476 Es.
2438 3389 2474 3477 12.
2495 3388 2521 3477 ἒ
2524 3418 2531 3425 .
2552 3388 2615 3477 ΐὲ.

360 3481 508 3546 Quo
537 3479 733 3543 semel
763 3487 862 3543 est
890 3479 1141 3542 imbuta
1167 3500 1410 3557 recens,
1442 3479 1719 3542 servabit
1745 3479 2008 3553 odorem

225 3595 313 3657 70
359 3592 552 3655 Testa
579 3590 711 3654 diu.
803 3589 996 3657 Quod
1025 3590 1081 3653 si
1110 3611 1316 3654 cessas
1347 3597 1461 3652 aut
1490 3600 1790 3653 strenuus
1820 3590 2049 3668 anteis,

356 3704 498 3767 Nec
527 3702 786 3766 tardum
814 3701 1103 3786 opperior
1130 3722 1249 3765 nec
1278 3698 1786 3785 praecedentibus
1815 3701 2004 3765 insto.

536 3853 618 3903 46.
653 3852 891 3916 contigit,
916 3853 1016 3913 hic,
1047 3850 1167 3919 (vel)
1196 3851 1256 3901 is.
1394 3853 1476 3902 54.
1511 3853 1536 3903 3²
1567 3853 1895 3902 sincernmst.
