3025 4776
284 559 374 619 10

292 1134 376 1193 15

316 2740 403 2801 10

320 3318 405 3379 15

1009 281 1452 341 GARfflNUM
1520 281 1676 339 LIB.
1718 282 1773 339 I.
1817 281 2007 339 xxxiv.

553 444 865 511 Liberum
894 447 963 505 et
990 440 1244 518 Musas,
1273 439 1746 522 Veneremque,
1774 420 1842 505 et
1869 441 1965 505 illi

554 556 820 637 Semper
846 552 1199 617 haerentem
1232 553 1519 615 Puerum
1557 552 1848 632 canebat,

550 665 639 729 Et
667 666 939 749 Lycum,
968 661 1171 744 nigris
1198 661 1403 725 oculis
1430 661 1744 745 nigroque

899 772 1093 836 Crine
1122 770 1448 835 decorum.

557 909 617 972 O
647 907 839 971 decus
871 906 1120 984 Phoebi,
1151 913 1219 969 et
1247 905 1518 990 dapibus
1546 906 1828 990 supremi

560 1019 762 1082 Grata
784 1016 1042 1083 testudo
1076 1018 1116 1080 J
1120 1038 1276 1094 ov1s
1307 1038 1349 1080 o
1377 1016 1671 1081 laborum

556 1128 763 1192 Dulce
789 1128 1087 1205 lenimen,
1119 1127 1282 1201 mihi
1311 1149 1587 1210 cumque
1617 1126 1787 1191 salve

905 1238 1055 1302 Rite
1083 1237 1357 1302 vocanti.

1155 1567 1487 1632 XXXIII.

563 1704 761 1782 Anu,
796 1723 880 1766 ne
908 1703 1122 1767 doleas
1151 1703 1294 1786 plus
1320 1701 1548 1779 nimie,
1579 1721 1826 1765 memor

569 1813 851 1877 Immitis
883 1814 1195 1897 Glycerae,
1231 1833 1360 1875 neu
1390 1811 1780 1875 miserabiles

565 1922 884 1987 Decantes
912 1923 1146 2005 elegos,
1176 1942 1292 1984 cur
1320 1921 1444 1985 tibi
1469 1921 1695 2004 junior

907 2033 1095 2096 Laesa
1121 2030 1457 2114 praeniteat
1486 2029 1652 2108 fide3

569 2165 897 2249 Insignem
924 2165 1109 2229 tenui
1136 2166 1350 2229 fronte
1379 2164 1702 2250 Lycorida

573 2276 723 2359 Cyri
751 2284 953 2340 torret
983 2297 1184 2356 amor,
1215 2276 1424 2359 Cyrus
1450 2276 1524 2338 in
1554 2296 1842 2359 asperam

572 2385 872 2450 Declinat
900 2386 1188 2451 Pholoen
1210 2413 1230 2465 3
1278 2384 1390 2449 sed
1417 2385 1596 2469 prius
1625 2385 1856 2469 Apulis

920 2500 1292 2579 ,Iungentur
1320 2517 1564 2580 capreae
1591 2496 1785 2579 lupis,

579 2629 791 2696 Quam
820 2629 996 2712 turpi
1023 2628 1266 2693 Pholoe
1293 2637 1517 2713 peccet
1548 2628 1860 2693 adultero.

575 2740 682 2802 Sic
708 2739 917 2803 visum
944 2740 1208 2818 Veneri,
1242 2740 1346 2803 cui
1376 2741 1587 2824 placet
1617 2740 1895 2824 impares

577 2850 841 2912 Formas
871 2856 1065 2932 atque
1096 2850 1345 2912 animos
1374 2850 1494 2913 sub
1518 2849 1680 2933 juga
1709 2853 1903 2912 a‘e‘nea

924 2960 1107 3022 Saevo
1137 2958 1396 3022 mittere
1426 2979 1575 3022 cum
1597 2959 1766 3041 jocO.

578 3094 799 3176 Ipsum
827 3113 934 3156 me
961 3092 1191 3156 melior
1218 3114 1417 3175 quum
1447 3098 1693 3176 peteret
1720 3091 1966 3170 Venus,

584 3204 784 3268 Grata
812 3203 1092 3267 detinuit
1122 3201 1423 3285 compede
1453 3200 1740 3285 Myrtale

585 3313 935 3393 Libertina,
966 3312 1149 3377 fretis
1178 3312 1382 3376 acrior
1415 3311 1680 3375 Hadriae

928 3423 1274 3489 Curvantis
1303 3421 1610 3487 Calabros
1640 3421 1838 3486 sinus.

1154 3778 1473 3843 XXXIV.

588 3913 848 3976 Pncus
879 3912 1148 3976 deorum
1178 3912 1384 3977 cultor
1412 3920 1478 3977 et
1506 3911 1901 3995 infrequens,

590 4023 981 4088 Insanientis
1011 4023 1165 4087 dum
1195 4024 1523 4108 sapientiae

675 4133 1024 4197 Consultus
1051 4153 1215 4211 erre,
1245 4154 1418 4197 nunc
1445 4141 1801 4198 retrorsum

764 4242 929 4306 Vela
958 4242 1130 4320 dare,
1161 4250 1354 4326 atque
1380 4244 1614 4309 iterare
1643 4263 1865 4307 cursus

2635 282 2708 341 27

2317 2187 2414 2239 fro.
2435 2187 2486 2231 Ε.
2507 2188 2545 2229 l.
2565 2186 2604 2228 7.
2623 2186 2690 2228 20.

2338 2891 2399 2921 n.
2418 2877 2467 2920 0.
2486 2879 2524 2920 8.
2545 2877 2584 2919 9.
2604 2877 2668 2919 18.

2339 3223 2732 3268 mwossnae.

2337 3339 2726 3383 HadWCSOQ

2515 3389 2722 3431 21414.
