3025 4776
327 794 419 855 90

332 1326 419 1412 95

296 2010 425 2071 100

298 2564 423 2626 105

300 3122 427 3182 110

301 3669 425 3729 115

898 300 902 305 ’
1002 294 1473 354 SATIRARUM
1545 296 1698 354 LIB.
1759 296 1848 355 II.
1907 296 1987 356 iii.
2597 302 2702 362 173

461 458 796 523 Frumenti
826 465 1140 541 quantum
1170 458 1358 522 metit
1386 459 1627 522 Africa.
1720 461 1868 524 Sive
1899 482 2017 544 ego
2045 483 2234 545 prave
2305 489 2535 534 Δι’-,αι
2557 490 2593 529 1.
2615 490 2677 530 ιο.

463 683 610 745 Hoc
644 681 895 745 Staberi
913 679 1293 764 prudentem
1315 680 1606 743 animum
1629 680 1881 746 vidisse.
1935 683 2111 750 Quid
2129 704 2281 766 ergo

466 790 703 868 Sensit,
736 811 883 853 cum
913 810 1233 853 summam
1263 789 1607 871 patrimoni
1634 789 1989 875 insculpere
2021 815 2172 857 saxo

466 901 753 965 Heredes
782 900 953 964 volui
990 897 1083 972 ΦΓ*
1127 900 1356 968 Quoad
1385 899 1564 976 vixit,
1597 900 1866 964 credidit
1896 902 2123 985 ingens

458 1014 838 1098 Pauperiem
868 1014 983 1076 viti
1048 991 1071 1002 ἤ
1129 1021 1193 1077 et
1224 1013 1392 1076 cavit
1420 1013 1588 1076 nihil
1618 1015 1847 1093 acrius,
1883 1024 1958 1080 ut
1988 1018 2041 1081 si

462 1127 656 1188 Forte
686 1125 900 1187 minus
928 1123 1210 1207 locuples
1237 1144 1369 1187 uno
1404 1122 1760 1205 quadrante
1788 1126 2080 1208 perisset,

468 1238 619 1320 Ipse
647 1236 970 1299 videretur
998 1235 1120 1298 sibi
1149 1234 1451 1317 nequior:
1502 1236 1710 1298 omnis
1740 1236 1916 1299 enim
1944 1259 2066 1315 res,

464 1348 711 1423 Virtus,
743 1345 933 1423 fama,
962 1345 1176 1423 decus,
1208 1344 1422 1408 divina
1449 1343 1857 1429 humanaque
1888 1349 2172 1430 pulchris

466 1456 727 1522 Divitiis
756 1462 981 1539 parent
1003 1481 1023 1533 3
1070 1476 1229 1537 quas
1259 1455 1370 1537 qui
1400 1456 1848 1535 construxerit,
1880 1457 1988 1521 ille
2315 1471 2409 1502 ωπ-
2430 1457 2479 1549 g·
2497 1459 2535 1550 ᾗ
2556 1458 2594 1548 {³3
2613 1457 2679 1548 ἐξ·

466 1568 693 1631 Clarus
722 1567 866 1645 erit,
896 1566 1103 1646 fortis,
1127 1567 1363 1649 justus.
1456 1566 1860 1649 Sapiensne?
1948 1570 2189 1649 Etiam,
2222 1579 2288 1635 et

814 1697 922 1739 rex

465 1788 553 1851 Et
583 1785 892 1869 quidquid
920 1785 1114 1850 volet.
1208 1785 1376 1863 Hoc,
1402 1787 1603 1850 veluti
1632 1788 1867 1852 virtute
1898 1799 2211 1872 paratum,

470 1897 759 1980 Speravit
787 1917 1039 1978 magnae
1068 1893 1243 1956 laudi
1272 1894 1430 1958 fore.
1524 1896 1698 1961 Quid
1728 1897 1932 1962 simile
1962 1899 2085 1961 isti¹

471 2009 733 2071 Graecus
761 2005 1151 2089 AristippuS,
1185 2004 1293 2086 qui
1325 2025 1536 2068 servos
1563 2006 1844 2088 proicere
1876 2029 2106 2071 aurum

468 2118 550 2180 In
582 2116 790 2181 media
811 2116 1004 2198 jussit
1035 2114 1264 2197 Libya,
1298 2114 1449 2196 quia
1478 2116 1730 2178 tardius
1753 2116 1919 2180 irent

468 2229 738 2309 Propter
766 2246 928 2288 onus
958 2224 1234 2306 segnes?
1326 2225 1495 2287 Uter
1523 2230 1620 2286 est
1649 2224 1931 2289 insanior
1960 2228 2189 2292 horum
2215 2231 2243 2291 Ρ

467 2337 587 2401 Nil
618 2335 752 2420 agit
781 2334 1165 2418 exemplum,
1196 2333 1378 2397 litem
1409 2333 1578 2417 quod
1610 2334 1721 2399 lite
1750 2338 2024 2402 resolvit.

477 2452 544 2514 Si
577 2450 717 2533 quis
746 2455 919 2512 emat
949 2447 1247 2523 citharas,
1280 2453 1530 2529 emptas
1560 2455 1913 2531 comportet
1943 2449 2012 2511 in
2041 2472 2265 2529 unum,

468 2562 611 2626 Nec
642 2559 853 2624 studio
883 2558 1145 2621 citharae
1174 2576 1294 2618 nec
1323 2556 1534 2620 Musae
1565 2556 1816 2621 deditus
1847 2559 1959 2621 ulli
1980 2586 1999 2636 ς

471 2672 540 2735 Si
571 2670 815 2754 scalpra
844 2674 907 2732 et
938 2666 1177 2730 formas
1205 2687 1339 2728 non
1368 2672 1570 2743 sutor,
1604 2668 1864 2730 nautica
1891 2669 2031 2731 vela

469 2785 749 2845 Aversus
777 2776 1179 2854 mercaturiS,
1212 2775 1451 2839 delirus
1481 2784 1548 2839 et
1579 2798 1800 2840 amens

470 2896 775 2978 Undique
806 2894 1055 2956 dicatur
1083 2891 1334 2954 merito,
1428 2891 1561 2956 Qui
1591 2891 1904 2976 discrepat
1935 2892 2094 2971 istis,

473 3006 605 3073 Qui
634 3026 933 3068 nummos
964 3024 1317 3085 aurumque
1347 3002 1657 3081 recondit,
1689 3004 1940 3067 nescius
1970 3004 2068 3067 uti
2323 3049 2409 3088 Μ,
2432 3035 2474 3076 g,
2495 3036 2531 3076 1,
2552 3035 2588 3075 1.
2608 3035 2672 3075 41,

472 3115 855 3199 Compositis
884 3121 1305 3195 metuensque
1335 3113 1510 3175 velut
1542 3114 1911 3195 contingere
1941 3116 2248 3178 sacrum?
2324 3165 2410 3194 ΠΟ,
2432 3151 2473 3193 Β,
2495 3152 2530 3192 1,
2552 3150 2674 3191 141,

472 3227 542 3290 Si
572 3227 713 3309 quis
744 3225 824 3287 ad
854 3224 1183 3306 ingentem
1212 3222 1520 3286 frumenti
1550 3244 1796 3305 semper
1825 3244 2118 3287 acervum

470 3339 811 3401 Porrectus
840 3334 1061 3417 vigilet
1091 3354 1239 3396 cum
1269 3335 1461 3416 longo
1489 3333 1683 3410 fuste,
1716 3354 1925 3415 neque
1954 3335 2133 3399 illinc

470 3444 725 3510 Audeat
756 3444 1043 3509 esuriens
1074 3442 1371 3506 dominus
1401 3444 1771 3526 contingere
1802 3465 2094 3526 granum,

469 3558 569 3620 Ac
598 3555 813 3639 potius
846 3554 1013 3617 foliis
1043 3574 1270 3637 parcus
1300 3561 1593 3616 vescatur
1622 3554 1853 3617 amaris
1877 3580 1896 3632 ς

474 3665 543 3727 Si
572 3664 795 3747 positis
824 3663 1004 3726 intus
1037 3661 1182 3725 Chii
1212 3662 1568 3744 veterisque
1598 3662 1852 3725 Falerni

470 3775 658 3837 Mille
688 3773 882 3851 cadis,
916 3772 1077 3835 nihil
1108 3781 1226 3849 est,
1259 3779 1620 3834 tercentum
1649 3771 1929 3849 milibus,
1963 3793 2105 3836 acre

472 3887 666 3948 Potet
697 3891 949 3946 acetum
975 3910 993 3960 3
1041 3904 1181 3966 age,
1213 3882 1265 3945 si
1297 3889 1362 3945 et
1393 3882 1762 3944 stramentis
1791 3882 2073 3960 incubet,
2101 3883 2295 3946 unde-

474 3992 826 4074 Octoginta
855 4012 1056 4055 annos
1085 3999 1298 4069 natuS,
1331 3991 1437 4053 cui
1466 3990 1750 4072 stragula
1780 3990 1994 4068 vestiS,

475 4104 842 4167 Blattarum
875 4123 948 4164 ac
978 4102 1295 4164 tinearum
1327 4101 1554 4183 epulae,
1587 4108 1911 4184 putrescat
1942 4102 2010 4165 in
2042 4124 2186 4165 arca
2201 4128 2221 4179 5
2330 4150 2706 4194 n„,13.1.20.12.

765 4274 845 4322 96.
885 4274 1215 4320 contraxerit.
1356 4273 1467 4320 119.
1506 4273 1817 4320 Ptiuiarum.

2329 4373 2370 4417 Ο
