3025 4776
1167 307 1325 364 ARS
1374 307 1737 365 I'OETIOA.
2553 311 2666 369 257

235 474 364 537 360
409 472 656 534 Verum
686 468 862 552 operi
890 468 1085 552 longo
1114 469 1210 532 fas
1240 478 1336 533 est
1365 469 1669 554 obrepere
1697 490 2017 533 somnum.

410 584 507 645 Ut
537 580 805 662 pictura,
838 579 1043 662 poesis
1070 603 1083 642 ε
1132 578 1273 656 erit,
1307 600 1472 661 quae,
1503 579 1560 642 si
1588 579 1845 663 propius
1876 585 2023 657 stes,
2097 631 2106 635 -

409 694 499 755 Te
529 690 737 774 capiat
767 689 991 772 magis,
1025 696 1090 752 et
1122 689 1433 773 quaedam,
1465 689 1521 752 si
1551 689 1802 771 longius
1832 690 2063 754 absteS.

412 802 575 864 Haec
605 809 779 863 amat
808 799 1170 876 obscurum,
1203 797 1371 862 volet
1400 799 1539 862 haec
1569 799 1687 862 sub
1717 799 1858 862 luce
1887 799 2108 878 videri,

413 914 454 975 J
461 911 661 974 udicis
692 917 993 993 argutum
1023 931 1165 992 quae
1195 931 1325 972 non
1354 910 1658 976 formidat
1689 931 1998 988 acumen3

241 1025 364 1085 365
416 1021 579 1085 Haec
608 1019 848 1104 placuit
878 1018 1094 1094 semel,
1127 1018 1267 1081 haec
1298 1018 1506 1081 decies
1534 1019 1805 1102 repetita
1831 1019 2129 1102 placebit.

413 1134 471 1196 O
503 1131 709 1213 major
728 1131 1063 1212 juvenum,
1097 1128 1384 1212 quamvis
1412 1136 1478 1191 et
1506 1149 1659 1192 voce
1688 1136 1956 1212 paterna

416 1231 704 1324 Fingeris
735 1239 815 1302 ad
844 1247 1093 1302 rectum
1122 1246 1188 1301 et
1216 1259 1329 1321 per
1357 1245 1422 1301 te
1453 1238 1643 1322 sapis,
1673 1238 1796 1301 hoc
1817 1238 1939 1302 tibi
1967 1237 2213 1302 dictum

415 1352 595 1416 Tolle
624 1370 891 1426 memor,
925 1348 1114 1412 certis
1145 1347 1429 1411 medium
1458 1355 1524 1410 et
1552 1347 1881 1412 tolerabile
1910 1349 2101 1413 rebus

244 1547 247 1550 Ι
419 1465 619 1526 Recte
648 1459 931 1524 concedi.
1024 1459 1373 1523 Consultus
1394 1458 1562 1542 juris
1592 1465 1657 1521 et
1689 1467 1868 1523 actor
1951 1465 1960 1472 '

247 1575 374 1637 370
419 1573 772 1634 Causarum
801 1568 1136 1633 mediocris
1166 1568 1345 1631 abest
1374 1567 1610 1631 virtute
1640 1567 1861 1632 diserti

417 1681 735 1744 Messallae
764 1701 884 1744 nec
914 1680 1037 1744 scit
1068 1686 1385 1763 quantum
1415 1678 1760 1743 Cascellius
1789 1679 2016 1755 Aulus,
2270 1701 2382 1742 nes.
2404 1700 2445 1739 s.
2469 1699 2506 1740 1.
2524 1699 2562 1737 e.
2583 1698 2648 1738 ω.

421 1789 547 1851 Sed
578 1797 793 1851 tamen
823 1788 894 1851 in
922 1788 1126 1872 pretio
1155 1794 1291 1851 est:
1339 1786 1763 1850 mediocribus
1793 1806 1929 1850 esse
1958 1785 2161 1869 poetis

417 1900 573 1963 Non
600 1898 916 1976 homines,
946 1919 1078 1962 non
1108 1897 1194 1975 di,
1225 1918 1360 1961 non
1388 1917 1751 1961 concessere
1782 1897 2116 1960 columnae.

425 2010 519 2072 Ut
551 2016 762 2090 gratas
790 2009 961 2071 inter
989 2028 1240 2071 mensas
1271 2006 1653 2091 symphonia
1680 2007 1919 2070 discors

251 2122 374 2184 375
422 2121 509 2182 Et
540 2140 821 2182 crassum
851 2125 1255 2200 unguentum
1286 2125 1351 2181 et
1378 2117 1580 2182 Sardo
1603 2139 1750 2181 cum
1770 2117 1956 2180 melle
1974 2137 2246 2201 papaver

423 2229 798 2308 Offendunt,
829 2235 1080 2311 poterat
1108 2227 1253 2291 duci
1287 2227 1438 2310 quia
1464 2248 1623 2291 cena
1653 2228 1790 2291 sine
1818 2227 1958 2290 istis
1983 2252 1997 2291 ε

427 2340 533 2404 Sic
563 2339 791 2403 animis
820 2346 1049 2403 natum
1076 2338 1534 2422 inventumque
1564 2343 1791 2423 poema
1810 2339 2128 2424 juvandis,

428 2452 497 2513 Si
526 2451 788 2534 paulum
815 2470 1068 2514 summo
1097 2449 1387 2527 decessit,
1417 2450 1624 2533 vergit
1654 2450 1734 2513 ad
1763 2450 1989 2513 imum.

427 2560 679 2625 Ludere
710 2561 821 2643 qui
849 2560 1076 2639 nescit,
1104 2560 1569 2644 campestribus
1599 2560 1877 2623 abstinet
1906 2561 2118 2639 armis,
2273 2590 2549 2641 svo-1³21·
2585 2590 2670 2631 114,

256 2675 384 2736 380
428 2673 865 2755 Indoctusque
893 2673 1038 2756 pilae
1068 2673 1301 2736 discive
1331 2672 1618 2737 trochive
1649 2673 1939 2757 quiescit,
2269 2690 2354 2781 ἷξε.
2377 2691 2417 2779 {³5
2438 2691 2475 2779 ²3'
2495 2691 2640 2780 πέιιιὸ.7

427 2784 532 2847 Ne
561 2783 775 2867 spissae
804 2783 1002 2845 risum
1033 2783 1264 2847 tollant
1291 2783 1554 2868 impune
1584 2804 1833 2847 coronae
1859 2808 1874 2846 τ
2278 2770 2662 2857 00r‡n.1'.1fi.⁵³'.

430 2895 561 2960 Qui
590 2878 795 2958 nescit
824 2915 1038 2957 versus
1067 2901 1287 2957 tamen
1317 2894 1511 2958 audet
1539 2894 1801 2977 fingere.
1893 2893 2187 2960 Quidni?

428 3004 624 3068 Liber
653 3012 718 3067 et
746 3004 1086 3086 ingenuus,
1118 3004 1471 3087 praesertim
1502 3025 1727 3067 census
1756 3014 2117 3088 equestrem
2279 3040 2374 3081 equ.
2393 3029 2447 3070 E.
2469 3030 2503 3069 1.
2527 3030 2562 3070 1.
2583 3032 2646 3071 ss.

433 3117 766 3179 Summam
796 3135 1208 3177 nummorum
1238 3114 1518 3197 vitioque
1547 3122 1829 3178 remotus
1859 3115 1938 3179 ab
1968 3116 2165 3179 omni.

263 3229 390 3290 385
439 3228 537 3290 Tu
565 3226 728 3289 nihil
756 3226 958 3288 invita
987 3225 1158 3289 dices
1186 3226 1453 3289 faciesve
1483 3226 1818 3304 Minerva3
2280 3257 2634 3299 311„,s,2‚2‚3‚

436 3336 517 3401 Id
547 3336 667 3399 tibi
690 3335 1089 3418 judiciumst,
1121 3357 1197 3398 ea
1225 3356 1426 3398 mens.
1522 3336 1593 3398 Si
1622 3335 1779 3417 quid
1797 3343 2014 3400 tamen
2035 3338 2189 3402 olim

437 3445 795 3529 Scripseris‚
827 3445 898 3506 in
928 3444 1124 3507 Maeci
1153 3443 1497 3507 descendat
1518 3444 1755 3527 judicis
1787 3446 1955 3509 auris
2283 3484 2678 3525 Maec.S.1.10.3s.

404 3604 409 3607 -
433 3557 521 3619 Et
551 3555 750 3637 patris
779 3561 844 3617 et
875 3566 1147 3630 nostras,
1168 3574 1539 3636 nonumque
1558 3563 1882 3636 prematur
1903 3556 1971 3619 in
1993 3578 2256 3637 annum,

435 3665 837 3728 Membranis
866 3665 1044 3727 intus
1073 3664 1331 3747 positis:
1379 3663 1591 3727 delere
1620 3665 1861 3745 licebit,
2288 3721 2408 3751 mem.
2431 3708 2471 3749 S·
2493 3710 2531 3749 2.
2551 3711 2590 3749 3,
2611 3711 2649 3750 2,

263 3780 392 3840 390
440 3775 633 3841 Quod
661 3796 794 3838 non
823 3774 1092 3838 edideris
1109 3799 1129 3853 3
1176 3774 1382 3837 nescit
1411 3795 1531 3838 vox
1561 3775 1754 3839 missa
1780 3778 2034 3843 reverti.
2288 3823 2378 3863 390,
2403 3810 2680 3859 13.1.18.71;

440 3885 773 3947 Silvestres
804 3884 1093 3947 homines
1123 3905 1301 3947 sacer
1329 3884 1768 3968 interpresque
1798 3886 2064 3951 deorum
2528 3862 2590 3900 ω’
2611 3866 2649 3900 δ’

439 3994 737 4059 Caedibus
766 4002 832 4058 et
860 3994 1036 4058 victu
1062 3996 1233 4059 foedo
1262 3995 1572 4059 deterruit
1604 3996 1921 4080 Orpheus,

439 4106 677 4169 Dictus
706 4105 788 4169 ob
818 4105 944 4169 hoc
972 4105 1172 4169 lenire
1204 4106 1401 4188 tigres
1430 4107 1809 4191 rabidosque
1838 4108 2051 4172 leones
2075 4134 2096 4186 3

266 4245 380 4294 365.
417 4241 644 4291 deciens.
777 4239 891 4289 372.
930 4240 953 4289 Ρ
978 4242 1214 4354 ρυεῐίἓὲξῖ.
1347 4241 1457 4290 386.
1486 4243 1740 4305 judicium
1765 4248 1863 4303 est,
1894 4244 2062 4306 (Proes.
2081 4261 2136 4305 1).
2161 4242 2232 4306 x.)

1220 4341 1230 4353 .
1267 4322 1431 4356 aures.
