3025 4776
311 2422 394 2481 10

318 3009 396 3068 15

323 3605 409 3666 20

372 4251 419 4288 v.
464 4239 547 4288 24.
582 4241 747 4289 vultu.

1035 321 1481 379 GARMJNUM
1551 321 1705 377 LIB.
1750 320 1840 377 II.
1887 319 1959 377 vi.

549 496 763 561 Quem
793 490 846 554 si
875 489 1232 572 puellarum
1260 489 1574 552 insereres
1603 488 1818 565 choro,

547 604 719 668 Mire
748 621 1004 684 sagaces
1031 599 1281 662 falleret
1310 598 1598 682 hospites

637 715 999 778 Discrimen
1028 712 1371 776 obscurum
1393 712 1631 776 ‘solutis

720 823 1021 887 Crinibus
1051 822 1476 905 ambiguoque
1506 823 1705 885 voltu.

1209 1218 1334 1281 VI.

558 1348 867 1426 Samum,
904 1346 1102 1412 Gadis
1133 1346 1382 1410 aditure
1411 1365 1666 1408 mecum
1697 1351 1762 1407 et

560 1457 956 1523 Cantabrum
985 1457 1317 1521 indoctum
1341 1457 1502 1540 juga
1530 1456 1695 1519 ferre
1723 1463 1966 1533 nostra,
1997 1460 2068 1517 et
2167 1520 2170 1522 ,

555 1569 870 1633 Barbarae
906 1569 1136 1652 Syrtis,
1166 1566 1281 1630 ubi
1310 1567 1546 1630 Maura
1576 1585 1823 1648 semper

904 1680 1168 1742 AEstuat
1197 1678 1408 1742 unda:

563 1827 765 1892 Tibur
792 1828 1011 1910 Argeo
1039 1827 1323 1909 positum
1353 1826 1581 1889 colono

560 1939 661 2002 Sit
688 1959 849 2001 meae
879 1937 1058 2000 sedes
1088 1938 1342 1999 utinam
1370 1943 1668 2014 senectae,

566 2049 666 2113 Sit
697 2047 925 2112 modus
952 2048 1121 2111 lasso
1149 2048 1344 2112 maris
1374 2056 1439 2110 et
1469 2048 1716 2110 viarum

909 2158 1316 2241 Militiaeque.

566 2305 759 2371 Unde
791 2306 846 2368 si
877 2306 1096 2370 Parcae
1124 2304 1469 2388 prohibent
1498 2303 1759 2402 iniquae,

567 2416 774 2480 Dulce
803 2415 1037 2499 pellitis
1067 2415 1290 2479 ovibus
1323 2415 1561 2478 Galaesi

474 2553 481 2559 ·
575 2525 850 2589 Flumen
880 2532 947 2587 et
976 2532 1243 2608 regnata
1270 2534 1489 2608 petam
1521 2523 1767 2588 Laconi

916 2634 1097 2697 Rura
1126 2632 1510 2697 Phalantho.

571 2781 697 2852 Ille.
721 2788 1039 2845 terrarum
1068 2779 1231 2843 mihi
1260 2787 1491 2864 praeter
1521 2800 1743 2844 omnes

569 2894 871 2978 Angulus
899 2893 1088 2971 ridet,
1120 2891 1232 2955 ubi
1264 2913 1396 2955 non
1428 2892 1752 2975 Hymetto

576 3003 778 3068 Mella
807 3002 1149 3081 decedunt,
1180 3002 1492 3085 viridique
1525 3008 1729 3065 certat

919 3115 1096 3178 Baca
1121 3113 1409 3178 Venafro
1430 3139 1450 3191 3

575 3271 710 3334 Ver
736 3268 851 3332 ubi
879 3269 1147 3351 longum
1175 3265 1549 3350 tepidasque
1578 3264 1821 3348 praebet

581 3382 623 3445 J
625 3380 879 3463 uppiter
904 3378 1190 3456 brumas,
1223 3385 1289 3441 et
1319 3377 1564 3440 amicus
1594 3376 1812 3440 Aulon

581 3491 806 3556 Fertili
835 3488 1094 3554 Baccho
1123 3488 1465 3551 minimum
1496 3486 1785 3551 Falernis

929 3599 1189 3665 Invidet
1217 3600 1378 3664 uviS.

586 3746 712 3811 Ille
740 3754 807 3811 te
837 3767 1094 3810 mecum
1121 3747 1300 3810 locus
1328 3754 1395 3810 et
1422 3745 1630 3810 beatae

586 3860 929 3924 Postulant
960 3880 1136 3924 arces
1162 3885 1177 3925 ε
1224 3860 1318 3923 ibi
1346 3868 1420 3923 tu
1449 3860 1765 3923 calentem

589 3969 831 4034 Debita
857 3991 1115 4053 sparges
1143 3969 1409 4033 lacrima
1446 3967 1725 4032 favillam

938 4082 1126 4144 Vatis
1171 4080 1378 4144 amici.

950 4253 1019 4287 v1.
1057 4242 1103 4290 1.
1141 4241 1325 4289 Gades.
1448 4243 1511 4294 ,3.
1549 4240 1748 4303 Syrtes.

1883 4241 1962 4288 12.
2000 4238 2268 4289 Phalanto.

2632 319 2706 378 37

2325 1387 2360 1416 1.
2381 1374 2462 1425 Ep.
2482 1374 2519 1414 1.
2542 1374 2602 1415 11.

2460 1856 2495 1896 Γ·
2456 1671 2499 1761 por·

2515 1856 2554 1897 τ’
2511 1671 2561 1762 >²23

2565 1673 2627 1760 ΞΕ.

2330 1855 2439 1907 ἓ

2573 1701 2640 1896 s..

2332 2080 2368 2121 7.
2390 2069 2441 2112 E.
2462 2070 2499 2112 1.
2520 2069 2582 2110 11.
2601 2070 2641 2109 6.

2342 2555 2401 2583 ιι.
2422 2540 2469 2581 C.
2489 2542 2527 2581 3.
2548 2541 2585 2586 5,
2606 2540 2669 2578 56.

2341 2912 2470 2964 Hya.
2493 2908 2535 2950 8.
2554 2909 2592 2949 2.
2612 2909 2651 2949 2.
2672 2910 2734 2949 15.

2342 3023 2439 3064 mel.
2460 3022 2508 3063 c.
2528 3024 2566 3063 3.
2587 3022 2648 3062 16.
2671 3023 2736 3062 33.

2350 3140 2455 3182 Ven.
2478 3137 2519 3178 8.
2537 3138 2577 3178 2.
2597 3138 2635 3177 4.
2655 3139 2719 3176 69.

2345 3287 2646 3340 tep.1².·.1.10.
2675 3285 2739 3327 15.

2343 3404 2449 3455 Jup.
2467 3402 2550 3454 Ep.
2572 3402 2632 3442 10.
2653 3401 2716 3442 56.
