<?xml version="1.0" encoding="UTF-8"?>
<!DOCTYPE html PUBLIC "-//W3C//DTD XHTML 1.0 Transitional//EN"
    "http://www.w3.org/TR/xhtml1/DTD/xhtml1-transitional.dtd">
<html xmlns="http://www.w3.org/1999/xhtml" xml:lang="en" lang="en">
 <head>
  <title>
</title>
<meta http-equiv="Content-Type" content="text/html;charset=utf-8" />
  <meta name='ocr-system' content='tesseract 3.04.00' />
  <meta name='ocr-capabilities' content='ocr_page ocr_carea ocr_par ocr_line ocrx_word'/>
</head>
<body>
  <div class='ocr_page' id='page_1' title='image "./quintihoratifla03horagoog_0172.png"; bbox 0 0 3025 4776; ppageno 0'>
   <div class='ocr_carea' id='block_1_1' title="bbox 330 273 441 326">
    <p class='ocr_par' dir='ltr' id='par_1_1' title="bbox 330 273 441 326">
     <span class='ocr_line' id='line_1_1' title="bbox 330 273 441 326; baseline -0.009 0"><span class='ocrx_word' id='word_1_1' title='bbox 330 273 441 326; x_wconf 83' lang='lat'>140</span> 
     </span>
    </p>
   </div>
   <div class='ocr_carea' id='block_1_2' title="bbox 770 272 1942 409">
    <p class='ocr_par' dir='ltr' id='par_1_2' title="bbox 770 272 1942 409">
     <span class='ocr_line' id='line_1_2' title="bbox 770 272 1942 409; baseline 0.009 -86"><span class='ocrx_word' id='word_1_2' title='bbox 770 348 783 409; x_wconf 45' lang='lat' dir='ltr'><em>j</em></span> <span class='ocrx_word' id='word_1_3' title='bbox 1167 272 1231 344; x_wconf 77' lang='grc' dir='ltr'>ρ.</span> <span class='ocrx_word' id='word_1_4' title='bbox 1290 275 1519 331; x_wconf 74' lang='lat' dir='ltr'><em>JJORA</em></span> <span class='ocrx_word' id='word_1_5' title='bbox 1531 277 1602 330; x_wconf 75' lang='lat' dir='ltr'>r]</span> <span class='ocrx_word' id='word_1_6' title='bbox 1656 276 1942 333; x_wconf 67' lang='lat' dir='ltr'><em>PLACCJ</em></span> 
     </span>
    </p>
   </div>
   <div class='ocr_carea' id='block_1_3' title="bbox 754 433 2278 517">
    <p class='ocr_par' dir='ltr' id='par_1_3' title="bbox 754 433 2278 517">
     <span class='ocr_line' id='line_1_3' title="bbox 754 433 2278 517; baseline 0.004 -23"><span class='ocrx_word' id='word_1_7' title='bbox 754 433 1003 511; x_wconf 88' lang='lat' dir='ltr'>Evenit,</span> <span class='ocrx_word' id='word_1_8' title='bbox 1036 434 1360 517; x_wconf 79' lang='lat' dir='ltr'>inquirant</span> <span class='ocrx_word' id='word_1_9' title='bbox 1390 439 1546 500; x_wconf 85' lang='lat' dir='ltr'>vitia</span> <span class='ocrx_word' id='word_1_10' title='bbox 1577 447 1649 502; x_wconf 88' lang='lat' dir='ltr'>ut</span> <span class='ocrx_word' id='word_1_11' title='bbox 1680 447 1793 502; x_wconf 87' lang='lat' dir='ltr'>tua</span> <span class='ocrx_word' id='word_1_12' title='bbox 1825 461 2040 502; x_wconf 81' lang='lat' dir='ltr'>rursus</span> <span class='ocrx_word' id='word_1_13' title='bbox 2072 447 2135 501; x_wconf 85' lang='lat' dir='ltr'>et</span> <span class='ocrx_word' id='word_1_14' title='bbox 2168 439 2278 502; x_wconf 90' lang='lat' dir='ltr'>illi.</span> 
     </span>
    </p>
   </div>
   <div class='ocr_carea' id='block_1_4' title="bbox 331 541 2190 631">
    <p class='ocr_par' dir='ltr' id='par_1_4' title="bbox 331 541 2190 631">
     <span class='ocr_line' id='line_1_4' title="bbox 331 541 2190 631; baseline 0.008 -33"><span class='ocrx_word' id='word_1_15' title='bbox 331 554 417 595; x_wconf 65' lang='lat' dir='ltr'>ira.</span> <span class='ocrx_word' id='word_1_16' title='bbox 437 549 487 591; x_wconf 76' lang='lat' dir='ltr'>E·</span> <span class='ocrx_word' id='word_1_17' title='bbox 511 551 547 590; x_wconf 84' lang='lat'>1·</span> <span class='ocrx_word' id='word_1_18' title='bbox 567 552 630 590; x_wconf 77' lang='lat'>²0-</span> <span class='ocrx_word' id='word_1_19' title='bbox 649 550 715 592; x_wconf 77' lang='lat'>²⁶-</span> <span class='ocrx_word' id='word_1_20' title='bbox 752 541 1129 608; x_wconf 84' lang='lat' dir='ltr'>Iracundior</span> <span class='ocrx_word' id='word_1_21' title='bbox 1157 555 1256 608; x_wconf 83' lang='lat' dir='ltr'>est</span> <span class='ocrx_word' id='word_1_22' title='bbox 1284 548 1493 630; x_wconf 85' lang='lat' dir='ltr'>paulo,</span> <span class='ocrx_word' id='word_1_23' title='bbox 1527 549 1741 611; x_wconf 89' lang='lat' dir='ltr'>minus</span> <span class='ocrx_word' id='word_1_24' title='bbox 1772 556 1956 631; x_wconf 88' lang='lat' dir='ltr'>aptus</span> <span class='ocrx_word' id='word_1_25' title='bbox 1987 551 2190 612; x_wconf 87' lang='lat' dir='ltr'>acutis</span> 
     </span>
    </p>
   </div>
   <div class='ocr_carea' id='block_1_5' title="bbox 327 664 665 719">
    <p class='ocr_par' dir='ltr' id='par_1_5' title="bbox 327 664 665 719">
     <span class='ocr_line' id='line_1_5' title="bbox 327 664 665 719; baseline -0.009 -10"><span class='ocrx_word' id='word_1_26' title='bbox 327 680 393 719; x_wconf 74' lang='lat'>30.</span> <span class='ocrx_word' id='word_1_27' title='bbox 413 664 464 706; x_wconf 78' lang='lat'>13.</span> <span class='ocrx_word' id='word_1_28' title='bbox 487 666 523 706; x_wconf 91' lang='lat'>1.</span> <span class='ocrx_word' id='word_1_29' title='bbox 545 665 581 706; x_wconf 90' lang='lat' dir='ltr'>l.</span> <span class='ocrx_word' id='word_1_30' title='bbox 601 666 665 706; x_wconf 77' lang='lat'>94.</span> 
     </span>
    </p>
   </div>
   <div class='ocr_carea' id='block_1_6' title="bbox 329 982 665 1035">
    <p class='ocr_par' dir='ltr' id='par_1_6' title="bbox 329 982 665 1035">
     <span class='ocr_line' id='line_1_6' title="bbox 329 982 665 1035; baseline 0.012 -13"><span class='ocrx_word' id='word_1_31' title='bbox 329 998 393 1035; x_wconf 79' lang='lat'>33.</span> <span class='ocrx_word' id='word_1_32' title='bbox 415 982 462 1025; x_wconf 84' lang='lat' dir='ltr'>C.</span> <span class='ocrx_word' id='word_1_33' title='bbox 484 983 604 1024; x_wconf 62' lang='lat'>218.</span> <span class='ocrx_word' id='word_1_34' title='bbox 626 985 665 1027; x_wconf 74' lang='grc'>9.</span> 
     </span>
    </p>
   </div>
   <div class='ocr_carea' id='block_1_7' title="bbox 328 2759 682 2806">
    <p class='ocr_par' dir='ltr' id='par_1_7' title="bbox 328 2759 682 2806">
     <span class='ocr_line' id='line_1_7' title="bbox 328 2759 682 2806; baseline 0.006 -6"><span class='ocrx_word' id='word_1_35' title='bbox 328 2762 417 2806; x_wconf 65' lang='lat' dir='ltr'>m.</span> <span class='ocrx_word' id='word_1_36' title='bbox 440 2759 482 2800; x_wconf 81' lang='grc' dir='ltr'>Β.</span> <span class='ocrx_word' id='word_1_37' title='bbox 502 2762 539 2800; x_wconf 88' lang='grc'>2.</span> <span class='ocrx_word' id='word_1_38' title='bbox 560 2760 598 2802; x_wconf 79' lang='grc' dir='ltr'>ὅ.</span> <span class='ocrx_word' id='word_1_39' title='bbox 617 2759 682 2802; x_wconf 83' lang='grc'>81.</span> 
     </span>
    </p>
   </div>
   <div class='ocr_carea' id='block_1_8' title="bbox 330 3083 692 3182">
    <p class='ocr_par' dir='ltr' id='par_1_8' title="bbox 330 3083 692 3182">
     <span class='ocr_line' id='line_1_8' title="bbox 330 3083 671 3129; baseline -0.009 -5"><span class='ocrx_word' id='word_1_40' title='bbox 330 3085 403 3126; x_wconf 73' lang='grc' dir='ltr'>ιω.</span> <span class='ocrx_word' id='word_1_41' title='bbox 427 3084 467 3124; x_wconf 84' lang='lat' dir='ltr'>s,</span> <span class='ocrx_word' id='word_1_42' title='bbox 491 3084 526 3122; x_wconf 94' lang='lat'>1.</span> <span class='ocrx_word' id='word_1_43' title='bbox 547 3083 584 3122; x_wconf 78' lang='lat'>4.</span> <span class='ocrx_word' id='word_1_44' title='bbox 606 3084 671 3129; x_wconf 76' lang='lat' dir='ltr'>oo.</span> 
     </span>
     <span class='ocr_line' id='line_1_9' title="bbox 497 3133 692 3182; baseline 0.01 -11"><span class='ocrx_word' id='word_1_45' title='bbox 497 3135 585 3182; x_wconf 82' lang='lat'>103,</span> <span class='ocrx_word' id='word_1_46' title='bbox 607 3133 692 3173; x_wconf 81' lang='lat'>132.</span> 
     </span>
    </p>
   </div>
   <div class='ocr_carea' id='block_1_9' title="bbox 324 3326 672 3368">
    <p class='ocr_par' dir='ltr' id='par_1_9' title="bbox 324 3326 672 3368">
     <span class='ocr_line' id='line_1_10' title="bbox 324 3326 672 3368; baseline 0.003 -1"><span class='ocrx_word' id='word_1_47' title='bbox 324 3337 409 3367; x_wconf 70' lang='grc' dir='ltr'>σιν.</span> <span class='ocrx_word' id='word_1_48' title='bbox 432 3326 672 3368; x_wconf 76' lang='lat' dir='ltr'>S.1.1.89.</span> 
     </span>
    </p>
   </div>
   <div class='ocr_carea' id='block_1_10' title="bbox 328 3532 663 3583">
    <p class='ocr_par' dir='ltr' id='par_1_10' title="bbox 328 3532 663 3583">
     <span class='ocr_line' id='line_1_11' title="bbox 328 3532 663 3583; baseline 0.006 -10"><span class='ocrx_word' id='word_1_49' title='bbox 328 3535 389 3583; x_wconf 79' lang='lat'>5⁶.</span> <span class='ocrx_word' id='word_1_50' title='bbox 414 3532 461 3573; x_wconf 87' lang='lat' dir='ltr'>E.</span> <span class='ocrx_word' id='word_1_51' title='bbox 486 3533 520 3574; x_wconf 87' lang='lat'>1.</span> <span class='ocrx_word' id='word_1_52' title='bbox 541 3533 578 3573; x_wconf 83' lang='lat'>2.</span> <span class='ocrx_word' id='word_1_53' title='bbox 600 3534 663 3575; x_wconf 73' lang='lat'>54.</span> 
     </span>
    </p>
   </div>
   <div class='ocr_carea' id='block_1_11' title="bbox 748 656 2751 4160">
    <p class='ocr_par' dir='ltr' id='par_1_11' title="bbox 751 656 2751 852">
     <span class='ocr_line' id='line_1_12' title="bbox 751 656 2751 743; baseline 0.003 -24"><span class='ocrx_word' id='word_1_54' title='bbox 751 656 1036 719; x_wconf 84' lang='lat' dir='ltr'><strong>Naribus</strong></span> <span class='ocrx_word' id='word_1_55' title='bbox 1064 657 1294 722; x_wconf 93' lang='lat' dir='ltr'>horum</span> <span class='ocrx_word' id='word_1_56' title='bbox 1326 660 1659 723; x_wconf 91' lang='lat' dir='ltr'>hominum</span> <span class='ocrx_word' id='word_1_57' title='bbox 1683 686 1700 737; x_wconf 87' lang='lat'>;</span> <span class='ocrx_word' id='word_1_58' title='bbox 1750 660 1939 723; x_wconf 85' lang='lat' dir='ltr'>rideri</span> <span class='ocrx_word' id='word_1_59' title='bbox 1971 660 2165 743; x_wconf 83' lang='lat' dir='ltr'>possit</span> <span class='ocrx_word' id='word_1_60' title='bbox 2197 681 2271 723; x_wconf 91' lang='lat' dir='ltr'>eo</span> <span class='ocrx_word' id='word_1_61' title='bbox 2318 661 2487 742; x_wconf 89' lang='lat' dir='ltr'>quod</span> <span class='ocrx_word' id='word_1_62' title='bbox 2664 664 2751 724; x_wconf 87' lang='lat'>30</span> 
     </span>
     <span class='ocr_line' id='line_1_13' title="bbox 755 766 2232 852; baseline 0.003 -23"><span class='ocrx_word' id='word_1_63' title='bbox 755 766 1083 830; x_wconf 86' lang='lat' dir='ltr'>Rusticius</span> <span class='ocrx_word' id='word_1_64' title='bbox 1112 776 1297 832; x_wconf 89' lang='lat' dir='ltr'>tonso</span> <span class='ocrx_word' id='word_1_65' title='bbox 1326 777 1479 852; x_wconf 87' lang='lat' dir='ltr'>toga</span> <span class='ocrx_word' id='word_1_66' title='bbox 1508 770 1731 833; x_wconf 85' lang='lat' dir='ltr'>defluit</span> <span class='ocrx_word' id='word_1_67' title='bbox 1762 779 1828 835; x_wconf 92' lang='lat' dir='ltr'>et</span> <span class='ocrx_word' id='word_1_68' title='bbox 1857 772 2022 833; x_wconf 84' lang='lat' dir='ltr'>male</span> <span class='ocrx_word' id='word_1_69' title='bbox 2049 771 2232 833; x_wconf 86' lang='lat' dir='ltr'>laxus</span> 
     </span>
    </p>

    <p class='ocr_par' dir='ltr' id='par_1_12' title="bbox 755 877 2556 960">
     <span class='ocr_line' id='line_1_14' title="bbox 755 877 2556 960; baseline 0.002 -20"><span class='ocrx_word' id='word_1_70' title='bbox 755 877 841 940; x_wconf 89' lang='lat' dir='ltr'>In</span> <span class='ocrx_word' id='word_1_71' title='bbox 868 878 1025 960; x_wconf 85' lang='lat' dir='ltr'>pede</span> <span class='ocrx_word' id='word_1_72' title='bbox 1055 879 1302 943; x_wconf 90' lang='lat' dir='ltr'>calceus</span> <span class='ocrx_word' id='word_1_73' title='bbox 1329 880 1533 944; x_wconf 86' lang='lat' dir='ltr'>haeret</span> <span class='ocrx_word' id='word_1_74' title='bbox 1560 906 1573 944; x_wconf 78' lang='lat' dir='ltr'><strong><em>z</em></strong></span> <span class='ocrx_word' id='word_1_75' title='bbox 1623 889 1690 944; x_wconf 90' lang='lat' dir='ltr'>at</span> <span class='ocrx_word' id='word_1_76' title='bbox 1719 889 1817 944; x_wconf 89' lang='lat' dir='ltr'>est</span> <span class='ocrx_word' id='word_1_77' title='bbox 1847 880 2072 957; x_wconf 78' lang='lat' dir='ltr'>bonuS,</span> <span class='ocrx_word' id='word_1_78' title='bbox 2104 888 2179 943; x_wconf 91' lang='lat' dir='ltr'>ut</span> <span class='ocrx_word' id='word_1_79' title='bbox 2208 881 2433 945; x_wconf 90' lang='lat' dir='ltr'>melior</span> <span class='ocrx_word' id='word_1_80' title='bbox 2462 882 2556 943; x_wconf 89' lang='lat' dir='ltr'>vir</span> 
     </span>
    </p>

    <p class='ocr_par' dir='ltr' id='par_1_13' title="bbox 750 987 2750 1406">
     <span class='ocr_line' id='line_1_15' title="bbox 754 987 2750 1073; baseline 0.001 -24"><span class='ocrx_word' id='word_1_81' title='bbox 754 987 911 1050; x_wconf 93' lang='lat' dir='ltr'>Non</span> <span class='ocrx_word' id='word_1_82' title='bbox 939 987 1102 1050; x_wconf 88' lang='lat' dir='ltr'>alius</span> <span class='ocrx_word' id='word_1_83' title='bbox 1133 988 1494 1071; x_wconf 88' lang='lat' dir='ltr'>quisquam,</span> <span class='ocrx_word' id='word_1_84' title='bbox 1531 997 1598 1052; x_wconf 91' lang='lat' dir='ltr'>at</span> <span class='ocrx_word' id='word_1_85' title='bbox 1627 989 1745 1052; x_wconf 90' lang='lat' dir='ltr'>tibi</span> <span class='ocrx_word' id='word_1_86' title='bbox 1777 989 2038 1067; x_wconf 91' lang='lat' dir='ltr'>amicus,</span> <span class='ocrx_word' id='word_1_87' title='bbox 2073 997 2140 1053; x_wconf 93' lang='lat' dir='ltr'>at</span> <span class='ocrx_word' id='word_1_88' title='bbox 2169 990 2500 1073; x_wconf 86' lang='lat' dir='ltr'>ingenium</span> <span class='ocrx_word' id='word_1_89' title='bbox 2524 991 2750 1071; x_wconf 84' lang='lat' dir='ltr'>ingens</span> 
     </span>
     <span class='ocr_line' id='line_1_16' title="bbox 752 1100 2530 1187; baseline 0.001 -23"><span class='ocrx_word' id='word_1_90' title='bbox 752 1100 1010 1166; x_wconf 89' lang='lat' dir='ltr'>Inculto</span> <span class='ocrx_word' id='word_1_91' title='bbox 1039 1101 1198 1164; x_wconf 86' lang='lat' dir='ltr'>latet</span> <span class='ocrx_word' id='word_1_92' title='bbox 1227 1102 1348 1166; x_wconf 90' lang='lat' dir='ltr'>hoc</span> <span class='ocrx_word' id='word_1_93' title='bbox 1379 1102 1499 1166; x_wconf 88' lang='lat' dir='ltr'>sub</span> <span class='ocrx_word' id='word_1_94' title='bbox 1531 1123 1813 1186; x_wconf 89' lang='lat' dir='ltr'>corpore.</span> <span class='ocrx_word' id='word_1_95' title='bbox 1904 1104 2201 1187; x_wconf 87' lang='lat' dir='ltr'>Denique</span> <span class='ocrx_word' id='word_1_96' title='bbox 2230 1112 2296 1166; x_wconf 91' lang='lat' dir='ltr'>te</span> <span class='ocrx_word' id='word_1_97' title='bbox 2327 1104 2530 1186; x_wconf 90' lang='lat' dir='ltr'>ipsum</span> 
     </span>
     <span class='ocr_line' id='line_1_17' title="bbox 751 1212 2746 1294; baseline 0 -19"><span class='ocrx_word' id='word_1_98' title='bbox 751 1212 1062 1291; x_wconf 84' lang='lat' dir='ltr'>Concute,</span> <span class='ocrx_word' id='word_1_99' title='bbox 1094 1232 1253 1274; x_wconf 91' lang='lat' dir='ltr'>num</span> <span class='ocrx_word' id='word_1_100' title='bbox 1284 1213 1561 1294; x_wconf 65' lang='lat' dir='ltr'>qua‘tibi</span> <span class='ocrx_word' id='word_1_101' title='bbox 1589 1214 1891 1277; x_wconf 85' lang='lat' dir='ltr'>vitiorum</span> <span class='ocrx_word' id='word_1_102' title='bbox 1920 1214 2220 1278; x_wconf 78' lang='lat' dir='ltr'>inseverit</span> <span class='ocrx_word' id='word_1_103' title='bbox 2251 1215 2404 1277; x_wconf 92' lang='lat' dir='ltr'>olim</span> <span class='ocrx_word' id='word_1_104' title='bbox 2664 1216 2746 1275; x_wconf 89' lang='lat'>35</span> 
     </span>
     <span class='ocr_line' id='line_1_18' title="bbox 750 1321 2361 1406; baseline 0.002 -22"><span class='ocrx_word' id='word_1_105' title='bbox 750 1321 1008 1385; x_wconf 89' lang='lat' dir='ltr'>Natura</span> <span class='ocrx_word' id='word_1_106' title='bbox 1038 1330 1150 1385; x_wconf 91' lang='lat' dir='ltr'>aut</span> <span class='ocrx_word' id='word_1_107' title='bbox 1180 1322 1372 1385; x_wconf 89' lang='lat' dir='ltr'>etiam</span> <span class='ocrx_word' id='word_1_108' title='bbox 1405 1322 1802 1386; x_wconf 81' lang='lat' dir='ltr'>consuetudo</span> <span class='ocrx_word' id='word_1_109' title='bbox 1830 1324 2037 1401; x_wconf 80' lang='lat' dir='ltr'>mala3</span> <span class='ocrx_word' id='word_1_110' title='bbox 2084 1344 2361 1406; x_wconf 87' lang='lat' dir='ltr'>namque</span> 
     </span>
    </p>

    <p class='ocr_par' dir='ltr' id='par_1_14' title="bbox 751 1430 2123 1513">
     <span class='ocr_line' id='line_1_19' title="bbox 751 1430 2123 1513; baseline 0 -18"><span class='ocrx_word' id='word_1_111' title='bbox 751 1430 1083 1513; x_wconf 88' lang='lat' dir='ltr'>Neglectis</span> <span class='ocrx_word' id='word_1_112' title='bbox 1111 1430 1357 1493; x_wconf 89' lang='lat' dir='ltr'>urenda</span> <span class='ocrx_word' id='word_1_113' title='bbox 1384 1431 1519 1493; x_wconf 84' lang='lat' dir='ltr'>filix</span> <span class='ocrx_word' id='word_1_114' title='bbox 1548 1431 1904 1493; x_wconf 77' lang='lat' dir='ltr'>innascitur</span> <span class='ocrx_word' id='word_1_115' title='bbox 1933 1432 2123 1513; x_wconf 86' lang='lat' dir='ltr'>agris.</span> 
     </span>
    </p>

    <p class='ocr_par' dir='ltr' id='par_1_15' title="bbox 753 1539 2259 1623">
     <span class='ocr_line' id='line_1_20' title="bbox 753 1539 2259 1623; baseline 0.001 -21"><span class='ocrx_word' id='word_1_116' title='bbox 753 1539 920 1603; x_wconf 92' lang='lat' dir='ltr'>Illuc</span> <span class='ocrx_word' id='word_1_117' title='bbox 945 1547 1420 1622; x_wconf 74' lang='lat' dir='ltr'>praevertamur,</span> <span class='ocrx_word' id='word_1_118' title='bbox 1454 1546 1806 1602; x_wconf 80' lang='lat' dir='ltr'>amatorem</span> <span class='ocrx_word' id='word_1_119' title='bbox 1838 1541 2007 1623; x_wconf 90' lang='lat' dir='ltr'>quod</span> <span class='ocrx_word' id='word_1_120' title='bbox 2039 1542 2259 1604; x_wconf 67' lang='lat' dir='ltr'>amicae</span> 
     </span>
    </p>

    <p class='ocr_par' dir='ltr' id='par_1_16' title="bbox 752 1647 2746 1929">
     <span class='ocr_line' id='line_1_21' title="bbox 752 1647 2523 1731; baseline 0.002 -21"><span class='ocrx_word' id='word_1_121' title='bbox 752 1647 987 1729; x_wconf 85' lang='lat' dir='ltr'>Turpia</span> <span class='ocrx_word' id='word_1_122' title='bbox 1016 1647 1344 1730; x_wconf 89' lang='lat' dir='ltr'>decipiunt</span> <span class='ocrx_word' id='word_1_123' title='bbox 1374 1668 1613 1712; x_wconf 81' lang='lat' dir='ltr'>caecum</span> <span class='ocrx_word' id='word_1_124' title='bbox 1639 1648 1815 1724; x_wconf 83' lang='lat' dir='ltr'>vitia,</span> <span class='ocrx_word' id='word_1_125' title='bbox 1851 1658 1964 1711; x_wconf 89' lang='lat' dir='ltr'>aut</span> <span class='ocrx_word' id='word_1_126' title='bbox 1995 1651 2188 1712; x_wconf 89' lang='lat' dir='ltr'>ctiam</span> <span class='ocrx_word' id='word_1_127' title='bbox 2220 1650 2357 1731; x_wconf 88' lang='lat' dir='ltr'>ipsa</span> <span class='ocrx_word' id='word_1_128' title='bbox 2386 1649 2523 1713; x_wconf 76' lang='lat' dir='ltr'>liaec</span> 
     </span>
     <span class='ocr_line' id='line_1_22' title="bbox 753 1743 2746 1840; baseline 0.001 -21"><span class='ocrx_word' id='word_1_129' title='bbox 753 1757 1115 1832; x_wconf 86' lang='lat' dir='ltr'>Delectant,</span> <span class='ocrx_word' id='word_1_130' title='bbox 1148 1756 1343 1819; x_wconf 83' lang='lat' dir='ltr'>veluti</span> <span class='ocrx_word' id='word_1_131' title='bbox 1376 1756 1723 1819; x_wconf 79' lang='lat' dir='ltr'>Balbinum</span> <span class='ocrx_word' id='word_1_132' title='bbox 1754 1758 2023 1840; x_wconf 82' lang='lat' dir='ltr'>polypus</span> <span class='ocrx_word' id='word_1_133' title='bbox 2057 1759 2330 1840; x_wconf 84' lang='lat' dir='ltr'>Hagnae.</span> <span class='ocrx_word' id='word_1_134' title='bbox 2479 1743 2486 1751; x_wconf 41' lang='lat'>⁴</span> <span class='ocrx_word' id='word_1_135' title='bbox 2659 1763 2746 1820; x_wconf 75' lang='lat'>40</span> 
     </span>
     <span class='ocr_line' id='line_1_23' title="bbox 752 1865 2154 1929; baseline 0 0"><span class='ocrx_word' id='word_1_136' title='bbox 752 1867 1004 1929; x_wconf 90' lang='lat' dir='ltr'>Vellem</span> <span class='ocrx_word' id='word_1_137' title='bbox 1032 1866 1101 1928; x_wconf 93' lang='lat' dir='ltr'>in</span> <span class='ocrx_word' id='word_1_138' title='bbox 1133 1865 1415 1929; x_wconf 90' lang='lat' dir='ltr'>amicitia</span> <span class='ocrx_word' id='word_1_139' title='bbox 1444 1865 1535 1927; x_wconf 90' lang='lat' dir='ltr'>sic</span> <span class='ocrx_word' id='word_1_140' title='bbox 1565 1886 1920 1928; x_wconf 90' lang='lat' dir='ltr'>erraremus</span> <span class='ocrx_word' id='word_1_141' title='bbox 1951 1875 2017 1929; x_wconf 93' lang='lat' dir='ltr'>et</span> <span class='ocrx_word' id='word_1_142' title='bbox 2046 1867 2154 1929; x_wconf 91' lang='lat' dir='ltr'>isti</span> 
     </span>
    </p>

    <p class='ocr_par' dir='ltr' id='par_1_17' title="bbox 752 1974 2202 2058">
     <span class='ocr_line' id='line_1_24' title="bbox 752 1974 2202 2058; baseline 0 -17"><span class='ocrx_word' id='word_1_143' title='bbox 752 1976 973 2041; x_wconf 89' lang='lat' dir='ltr'>Errori</span> <span class='ocrx_word' id='word_1_144' title='bbox 1001 1996 1237 2039; x_wconf 91' lang='lat' dir='ltr'>nomen</span> <span class='ocrx_word' id='word_1_145' title='bbox 1266 1976 1466 2037; x_wconf 82' lang='lat' dir='ltr'>virtus</span> <span class='ocrx_word' id='word_1_146' title='bbox 1496 1974 1808 2058; x_wconf 86' lang='lat' dir='ltr'>posuisset</span> <span class='ocrx_word' id='word_1_147' title='bbox 1838 1976 2202 2041; x_wconf 87' lang='lat' dir='ltr'>honestum.</span> 
     </span>
    </p>

    <p class='ocr_par' dir='ltr' id='par_1_18' title="bbox 751 2086 2207 2170">
     <span class='ocr_line' id='line_1_25' title="bbox 751 2086 2207 2170; baseline -0.001 -18"><span class='ocrx_word' id='word_1_148' title='bbox 751 2092 846 2152; x_wconf 91' lang='lat' dir='ltr'>At</span> <span class='ocrx_word' id='word_1_149' title='bbox 873 2093 1054 2169; x_wconf 86' lang='lat' dir='ltr'>pater</span> <span class='ocrx_word' id='word_1_150' title='bbox 1082 2094 1158 2150; x_wconf 91' lang='lat' dir='ltr'>ut</span> <span class='ocrx_word' id='word_1_151' title='bbox 1188 2086 1403 2170; x_wconf 79' lang='lat' dir='ltr'>gnati,-</span> <span class='ocrx_word' id='word_1_152' title='bbox 1421 2086 1511 2149; x_wconf 88' lang='lat' dir='ltr'>sic</span> <span class='ocrx_word' id='word_1_153' title='bbox 1539 2107 1657 2150; x_wconf 90' lang='lat' dir='ltr'>nos</span> <span class='ocrx_word' id='word_1_154' title='bbox 1687 2087 1990 2151; x_wconf 87' lang='lat' dir='ltr'>debemus</span> <span class='ocrx_word' id='word_1_155' title='bbox 2020 2089 2207 2151; x_wconf 87' lang='lat' dir='ltr'>amici</span> 
     </span>
    </p>

    <p class='ocr_par' dir='ltr' id='par_1_19' title="bbox 756 2197 2332 2280">
     <span class='ocr_line' id='line_1_26' title="bbox 756 2197 2332 2280; baseline 0.001 -20"><span class='ocrx_word' id='word_1_156' title='bbox 756 2197 828 2260; x_wconf 89' lang='lat' dir='ltr'>Si</span> <span class='ocrx_word' id='word_1_157' title='bbox 860 2197 1030 2280; x_wconf 89' lang='lat' dir='ltr'>quod</span> <span class='ocrx_word' id='word_1_158' title='bbox 1059 2198 1142 2261; x_wconf 89' lang='lat' dir='ltr'>sit</span> <span class='ocrx_word' id='word_1_159' title='bbox 1171 2198 1397 2261; x_wconf 89' lang='lat' dir='ltr'>vitium</span> <span class='ocrx_word' id='word_1_160' title='bbox 1431 2219 1562 2261; x_wconf 92' lang='lat' dir='ltr'>non</span> <span class='ocrx_word' id='word_1_161' title='bbox 1593 2197 1916 2261; x_wconf 77' lang='lat' dir='ltr'>fastidire:</span> <span class='ocrx_word' id='word_1_162' title='bbox 1966 2198 2332 2261; x_wconf 87' lang='lat' dir='ltr'>strabonem</span> 
     </span>
    </p>

    <p class='ocr_par' dir='ltr' id='par_1_20' title="bbox 751 2309 2743 2499">
     <span class='ocr_line' id='line_1_27' title="bbox 751 2309 2743 2394; baseline -0.001 -19"><span class='ocrx_word' id='word_1_163' title='bbox 751 2310 1052 2394; x_wconf 85' lang='lat' dir='ltr'>Appellat</span> <span class='ocrx_word' id='word_1_164' title='bbox 1080 2317 1321 2394; x_wconf 84' lang='lat' dir='ltr'>paetum</span> <span class='ocrx_word' id='word_1_165' title='bbox 1351 2319 1552 2393; x_wconf 88' lang='lat' dir='ltr'>pater,</span> <span class='ocrx_word' id='word_1_166' title='bbox 1584 2318 1651 2373; x_wconf 89' lang='lat' dir='ltr'>et</span> <span class='ocrx_word' id='word_1_167' title='bbox 1680 2310 1948 2393; x_wconf 89' lang='lat' dir='ltr'>pullum,</span> <span class='ocrx_word' id='word_1_168' title='bbox 1982 2309 2148 2372; x_wconf 90' lang='lat' dir='ltr'>male</span> <span class='ocrx_word' id='word_1_169' title='bbox 2178 2331 2407 2393; x_wconf 81' lang='lat' dir='ltr'>parvus</span> <span class='ocrx_word' id='word_1_170' title='bbox 2661 2316 2743 2374; x_wconf 81' lang='lat'>45</span> 
     </span>
     <span class='ocr_line' id='line_1_28' title="bbox 754 2421 2099 2499; baseline 0 -14"><span class='ocrx_word' id='word_1_171' title='bbox 754 2422 826 2485; x_wconf 88' lang='lat' dir='ltr'>Si</span> <span class='ocrx_word' id='word_1_172' title='bbox 856 2422 958 2485; x_wconf 91' lang='lat' dir='ltr'>cui</span> <span class='ocrx_word' id='word_1_173' title='bbox 988 2422 1156 2484; x_wconf 89' lang='lat' dir='ltr'>filius</span> <span class='ocrx_word' id='word_1_174' title='bbox 1184 2429 1303 2499; x_wconf 81' lang='lat' dir='ltr'>est,</span> <span class='ocrx_word' id='word_1_175' title='bbox 1334 2429 1408 2484; x_wconf 91' lang='lat' dir='ltr'>ut</span> <span class='ocrx_word' id='word_1_176' title='bbox 1439 2421 1759 2484; x_wconf 84' lang='lat' dir='ltr'>abortivus</span> <span class='ocrx_word' id='word_1_177' title='bbox 1789 2422 1914 2484; x_wconf 90' lang='lat' dir='ltr'>fuit</span> <span class='ocrx_word' id='word_1_178' title='bbox 1946 2422 2099 2485; x_wconf 90' lang='lat' dir='ltr'>olim</span> 
     </span>
    </p>

    <p class='ocr_par' dir='ltr' id='par_1_21' title="bbox 753 2531 2442 2724">
     <span class='ocr_line' id='line_1_29' title="bbox 756 2531 2442 2615; baseline -0.001 -19"><span class='ocrx_word' id='word_1_179' title='bbox 756 2532 1099 2615; x_wconf 84' lang='lat' dir='ltr'>Sisyphus:</span> <span class='ocrx_word' id='word_1_180' title='bbox 1145 2534 1321 2596; x_wconf 89' lang='lat' dir='ltr'>hunc</span> <span class='ocrx_word' id='word_1_181' title='bbox 1348 2553 1573 2595; x_wconf 87' lang='lat' dir='ltr'>varum</span> <span class='ocrx_word' id='word_1_182' title='bbox 1604 2531 1888 2595; x_wconf 84' lang='lat' dir='ltr'>distortis</span> <span class='ocrx_word' id='word_1_183' title='bbox 1919 2531 2229 2610; x_wconf 76' lang='lat' dir='ltr'>cruribuS,</span> <span class='ocrx_word' id='word_1_184' title='bbox 2259 2532 2442 2595; x_wconf 91' lang='lat' dir='ltr'>illum</span> 
     </span>
     <span class='ocr_line' id='line_1_30' title="bbox 753 2641 2272 2724; baseline -0.001 -18"><span class='ocrx_word' id='word_1_185' title='bbox 753 2641 1048 2706; x_wconf 89' lang='lat' dir='ltr'>Balbutit</span> <span class='ocrx_word' id='word_1_186' title='bbox 1078 2663 1372 2706; x_wconf 84' lang='lat' dir='ltr'>scaurum</span> <span class='ocrx_word' id='word_1_187' title='bbox 1404 2641 1612 2724; x_wconf 84' lang='lat' dir='ltr'>pravis</span> <span class='ocrx_word' id='word_1_188' title='bbox 1642 2641 1878 2705; x_wconf 86' lang='lat' dir='ltr'>fultum</span> <span class='ocrx_word' id='word_1_189' title='bbox 1909 2642 2075 2705; x_wconf 90' lang='lat' dir='ltr'>male</span> <span class='ocrx_word' id='word_1_190' title='bbox 2103 2642 2272 2705; x_wconf 72' lang='lat' dir='ltr'>talia.</span> 
     </span>
    </p>

    <p class='ocr_par' dir='ltr' id='par_1_22' title="bbox 752 2750 2253 2834">
     <span class='ocr_line' id='line_1_31' title="bbox 752 2750 2253 2834; baseline -0.001 -18"><span class='ocrx_word' id='word_1_191' title='bbox 752 2753 1015 2816; x_wconf 87' lang='lat' dir='ltr'>Parcius</span> <span class='ocrx_word' id='word_1_192' title='bbox 1048 2751 1151 2814; x_wconf 90' lang='lat' dir='ltr'>hic</span> <span class='ocrx_word' id='word_1_193' title='bbox 1180 2752 1334 2814; x_wconf 82' lang='lat' dir='ltr'>vivit</span> <span class='ocrx_word' id='word_1_194' title='bbox 1361 2777 1373 2813; x_wconf 73' lang='grc' dir='ltr'><strong><em>ε</em></strong></span> <span class='ocrx_word' id='word_1_195' title='bbox 1421 2751 1592 2832; x_wconf 82' lang='lat' dir='ltr'>frugi</span> <span class='ocrx_word' id='word_1_196' title='bbox 1623 2750 1889 2813; x_wconf 88' lang='lat' dir='ltr'>dicatur.</span> <span class='ocrx_word' id='word_1_197' title='bbox 1984 2754 2253 2834; x_wconf 88' lang='lat' dir='ltr'>Ineptus</span> 
     </span>
    </p>

    <p class='ocr_par' dir='ltr' id='par_1_23' title="bbox 752 2861 2746 3054">
     <span class='ocr_line' id='line_1_32' title="bbox 752 2861 2746 2943; baseline 0.001 -19"><span class='ocrx_word' id='word_1_198' title='bbox 752 2863 840 2924; x_wconf 83' lang='lat' dir='ltr'>Et</span> <span class='ocrx_word' id='word_1_199' title='bbox 861 2862 1212 2943; x_wconf 85' lang='lat' dir='ltr'>jactantior</span> <span class='ocrx_word' id='word_1_200' title='bbox 1240 2862 1345 2923; x_wconf 90' lang='lat' dir='ltr'>hic</span> <span class='ocrx_word' id='word_1_201' title='bbox 1374 2861 1564 2943; x_wconf 85' lang='lat' dir='ltr'>paulo</span> <span class='ocrx_word' id='word_1_202' title='bbox 1596 2868 1727 2923; x_wconf 88' lang='lat' dir='ltr'>est:</span> <span class='ocrx_word' id='word_1_203' title='bbox 1776 2862 2128 2923; x_wconf 86' lang='lat' dir='ltr'>concinnus</span> <span class='ocrx_word' id='word_1_204' title='bbox 2161 2862 2379 2924; x_wconf 86' lang='lat' dir='ltr'>amicis</span> <span class='ocrx_word' id='word_1_205' title='bbox 2663 2867 2746 2926; x_wconf 85' lang='lat'>50</span> 
     </span>
     <span class='ocr_line' id='line_1_33' title="bbox 753 2971 2479 3054; baseline 0 -19"><span class='ocrx_word' id='word_1_206' title='bbox 753 2972 1047 3036; x_wconf 82' lang='lat' dir='ltr'>Postulat</span> <span class='ocrx_word' id='word_1_207' title='bbox 1076 2978 1151 3033; x_wconf 92' lang='lat' dir='ltr'>ut</span> <span class='ocrx_word' id='word_1_208' title='bbox 1180 2971 1489 3033; x_wconf 82' lang='lat' dir='ltr'>videatur.</span> <span class='ocrx_word' id='word_1_209' title='bbox 1583 2973 1676 3034; x_wconf 89' lang='lat' dir='ltr'>At</span> <span class='ocrx_word' id='word_1_210' title='bbox 1706 2980 1804 3033; x_wconf 90' lang='lat' dir='ltr'>est</span> <span class='ocrx_word' id='word_1_211' title='bbox 1834 2972 2257 3034; x_wconf 83' lang='lat' dir='ltr'>truculentior</span> <span class='ocrx_word' id='word_1_212' title='bbox 2287 2980 2479 3054; x_wconf 90' lang='lat' dir='ltr'>atque</span> 
     </span>
    </p>

    <p class='ocr_par' dir='ltr' id='par_1_24' title="bbox 753 3080 2369 3163">
     <span class='ocr_line' id='line_1_34' title="bbox 753 3080 2369 3163; baseline -0.002 -16"><span class='ocrx_word' id='word_1_213' title='bbox 753 3083 909 3147; x_wconf 92' lang='lat' dir='ltr'>Plus</span> <span class='ocrx_word' id='word_1_214' title='bbox 940 3102 1120 3163; x_wconf 86' lang='lat' dir='ltr'>aequo</span> <span class='ocrx_word' id='word_1_215' title='bbox 1150 3080 1313 3144; x_wconf 91' lang='lat' dir='ltr'>liber</span> <span class='ocrx_word' id='word_1_216' title='bbox 1341 3105 1353 3144; x_wconf 93' lang='lat'>:</span> <span class='ocrx_word' id='word_1_217' title='bbox 1401 3082 1670 3163; x_wconf 83' lang='lat' dir='ltr'>simplex</span> <span class='ocrx_word' id='word_1_218' title='bbox 1699 3080 2008 3162; x_wconf 87' lang='lat' dir='ltr'>fortisque</span> <span class='ocrx_word' id='word_1_219' title='bbox 2039 3082 2369 3146; x_wconf 83' lang='lat' dir='ltr'>habeatur.</span> 
     </span>
    </p>

    <p class='ocr_par' dir='ltr' id='par_1_25' title="bbox 752 3192 2375 3275">
     <span class='ocr_line' id='line_1_35' title="bbox 752 3192 2375 3275; baseline -0.002 -18"><span class='ocrx_word' id='word_1_220' title='bbox 752 3192 1008 3258; x_wconf 79' lang='lat' dir='ltr'>caldior</span> <span class='ocrx_word' id='word_1_221' title='bbox 1039 3200 1137 3254; x_wconf 88' lang='lat' dir='ltr'>est</span> <span class='ocrx_word' id='word_1_222' title='bbox 1163 3217 1176 3254; x_wconf 93' lang='lat'>:</span> <span class='ocrx_word' id='word_1_223' title='bbox 1224 3212 1398 3254; x_wconf 89' lang='lat' dir='ltr'>acres</span> <span class='ocrx_word' id='word_1_224' title='bbox 1428 3192 1596 3253; x_wconf 87' lang='lat' dir='ltr'>inter</span> <span class='ocrx_word' id='word_1_225' title='bbox 1625 3202 2018 3254; x_wconf 84' lang='lat' dir='ltr'>numeretur.</span> <span class='ocrx_word' id='word_1_226' title='bbox 2111 3193 2375 3275; x_wconf 90' lang='lat' dir='ltr'>Opinor,</span> 
     </span>
    </p>

    <p class='ocr_par' dir='ltr' id='par_1_26' title="bbox 755 3301 2307 3382">
     <span class='ocr_line' id='line_1_36' title="bbox 755 3301 2307 3382; baseline -0.005 -14"><span class='ocrx_word' id='word_1_227' title='bbox 755 3304 917 3367; x_wconf 85' lang='lat' dir='ltr'>Haec</span> <span class='ocrx_word' id='word_1_228' title='bbox 947 3323 1046 3364; x_wconf 89' lang='lat' dir='ltr'>res</span> <span class='ocrx_word' id='word_1_229' title='bbox 1077 3308 1142 3364; x_wconf 89' lang='lat' dir='ltr'>et</span> <span class='ocrx_word' id='word_1_230' title='bbox 1166 3301 1406 3382; x_wconf 83' lang='lat' dir='ltr'>jungit,</span> <span class='ocrx_word' id='word_1_231' title='bbox 1433 3301 1693 3381; x_wconf 84' lang='lat' dir='ltr'>junctos</span> <span class='ocrx_word' id='word_1_232' title='bbox 1723 3308 1787 3362; x_wconf 92' lang='lat' dir='ltr'>et</span> <span class='ocrx_word' id='word_1_233' title='bbox 1818 3311 2024 3363; x_wconf 84' lang='lat' dir='ltr'>servat</span> <span class='ocrx_word' id='word_1_234' title='bbox 2056 3302 2307 3363; x_wconf 81' lang='lat' dir='ltr'>amicos,</span> 
     </span>
    </p>

    <p class='ocr_par' dir='ltr' id='par_1_27' title="bbox 748 3410 2741 3709">
     <span class='ocr_line' id='line_1_37' title="bbox 751 3410 2741 3493; baseline -0.001 -16"><span class='ocrx_word' id='word_1_235' title='bbox 751 3417 844 3477; x_wconf 90' lang='lat' dir='ltr'>At</span> <span class='ocrx_word' id='word_1_236' title='bbox 873 3435 990 3476; x_wconf 86' lang='lat' dir='ltr'>nos</span> <span class='ocrx_word' id='word_1_237' title='bbox 1021 3413 1286 3475; x_wconf 79' lang='lat' dir='ltr'>virtutes</span> <span class='ocrx_word' id='word_1_238' title='bbox 1317 3411 1483 3493; x_wconf 90' lang='lat' dir='ltr'>ipsas</span> <span class='ocrx_word' id='word_1_239' title='bbox 1514 3410 1888 3473; x_wconf 86' lang='lat' dir='ltr'>invertimus</span> <span class='ocrx_word' id='word_1_240' title='bbox 1920 3420 2109 3492; x_wconf 88' lang='lat' dir='ltr'>atquc</span> <span class='ocrx_word' id='word_1_241' title='bbox 2662 3418 2741 3475; x_wconf 81' lang='lat'>55</span> 
     </span>
     <span class='ocr_line' id='line_1_38' title="bbox 753 3522 2467 3604; baseline -0.002 -17"><span class='ocrx_word' id='word_1_242' title='bbox 753 3524 1086 3589; x_wconf 85' lang='lat' dir='ltr'>Sincerum</span> <span class='ocrx_word' id='word_1_243' title='bbox 1118 3522 1411 3603; x_wconf 90' lang='lat' dir='ltr'>cupimus</span> <span class='ocrx_word' id='word_1_244' title='bbox 1442 3542 1549 3583; x_wconf 86' lang='lat' dir='ltr'>vas</span> <span class='ocrx_word' id='word_1_245' title='bbox 1579 3522 1950 3584; x_wconf 79' lang='lat' dir='ltr'>incrustare.</span> <span class='ocrx_word' id='word_1_246' title='bbox 2049 3522 2293 3584; x_wconf 84' lang='lat' dir='ltr'>Probus</span> <span class='ocrx_word' id='word_1_247' title='bbox 2327 3525 2467 3604; x_wconf 90' lang='lat' dir='ltr'>quis</span> 
     </span>
     <span class='ocr_line' id='line_1_39' title="bbox 748 3631 2370 3709; baseline -0.003 -11"><span class='ocrx_word' id='word_1_248' title='bbox 748 3633 1105 3698; x_wconf 90' lang='lat' dir='ltr'>Nobiscum</span> <span class='ocrx_word' id='word_1_249' title='bbox 1138 3633 1312 3709; x_wconf 87' lang='lat' dir='ltr'>vivit,</span> <span class='ocrx_word' id='word_1_250' title='bbox 1344 3632 1623 3694; x_wconf 90' lang='lat' dir='ltr'>multum</span> <span class='ocrx_word' id='word_1_251' title='bbox 1657 3631 1966 3694; x_wconf 90' lang='lat' dir='ltr'>demissus</span> <span class='ocrx_word' id='word_1_252' title='bbox 1999 3633 2190 3694; x_wconf 89' lang='lat' dir='ltr'>homo</span> <span class='ocrx_word' id='word_1_253' title='bbox 2217 3658 2230 3695; x_wconf 93' lang='lat'><strong>:</strong></span> <span class='ocrx_word' id='word_1_254' title='bbox 2279 3633 2370 3694; x_wconf 88' lang='lat' dir='ltr'>illi</span> 
     </span>
    </p>

    <p class='ocr_par' dir='ltr' id='par_1_28' title="bbox 749 3741 2571 3936">
     <span class='ocr_line' id='line_1_40' title="bbox 749 3741 2571 3825; baseline -0.002 -17"><span class='ocrx_word' id='word_1_255' title='bbox 749 3744 958 3809; x_wconf 85' lang='lat' dir='ltr'>Tardo</span> <span class='ocrx_word' id='word_1_256' title='bbox 988 3763 1364 3825; x_wconf 87' lang='lat' dir='ltr'>cognomen,</span> <span class='ocrx_word' id='word_1_257' title='bbox 1398 3742 1624 3824; x_wconf 83' lang='lat' dir='ltr'>pingui</span> <span class='ocrx_word' id='word_1_258' title='bbox 1653 3741 1897 3804; x_wconf 90' lang='lat' dir='ltr'>damus.</span> <span class='ocrx_word' id='word_1_259' title='bbox 1995 3742 2122 3804; x_wconf 92' lang='lat' dir='ltr'>Hic</span> <span class='ocrx_word' id='word_1_260' title='bbox 2153 3743 2321 3825; x_wconf 84' lang='lat' dir='ltr'>fugit</span> <span class='ocrx_word' id='word_1_261' title='bbox 2351 3764 2571 3808; x_wconf 84' lang='lat' dir='ltr'>omnes</span> 
     </span>
     <span class='ocr_line' id='line_1_41' title="bbox 750 3853 2287 3936; baseline -0.001 -19"><span class='ocrx_word' id='word_1_262' title='bbox 750 3855 1023 3918; x_wconf 82' lang='lat' dir='ltr'>Insidias</span> <span class='ocrx_word' id='word_1_263' title='bbox 1052 3855 1339 3936; x_wconf 84' lang='lat' dir='ltr'>nullique</span> <span class='ocrx_word' id='word_1_264' title='bbox 1369 3853 1538 3914; x_wconf 87' lang='lat' dir='ltr'>malo</span> <span class='ocrx_word' id='word_1_265' title='bbox 1569 3854 1736 3915; x_wconf 88' lang='lat' dir='ltr'>latus</span> <span class='ocrx_word' id='word_1_266' title='bbox 1766 3853 1943 3915; x_wconf 84' lang='lat' dir='ltr'>obdit</span> <span class='ocrx_word' id='word_1_267' title='bbox 1976 3861 2287 3934; x_wconf 89' lang='lat' dir='ltr'>apertum,</span> 
     </span>
    </p>

    <p class='ocr_par' dir='ltr' id='par_1_29' title="bbox 750 3962 2745 4160">
     <span class='ocr_line' id='line_1_42' title="bbox 751 3962 2745 4047; baseline -0.001 -18"><span class='ocrx_word' id='word_1_268' title='bbox 751 3968 916 4030; x_wconf 90' lang='lat' dir='ltr'>Cum</span> <span class='ocrx_word' id='word_1_269' title='bbox 950 3987 1149 4047; x_wconf 88' lang='lat' dir='ltr'>genus</span> <span class='ocrx_word' id='word_1_270' title='bbox 1179 3965 1301 4027; x_wconf 86' lang='lat' dir='ltr'>hoc</span> <span class='ocrx_word' id='word_1_271' title='bbox 1333 3964 1502 4025; x_wconf 87' lang='lat' dir='ltr'>inter</span> <span class='ocrx_word' id='word_1_272' title='bbox 1533 3962 1680 4024; x_wconf 88' lang='lat' dir='ltr'>vitae</span> <span class='ocrx_word' id='word_1_273' title='bbox 1711 3970 2015 4038; x_wconf 76' lang='lat' dir='ltr'>versetur,</span> <span class='ocrx_word' id='word_1_274' title='bbox 2052 3963 2162 4025; x_wconf 92' lang='lat' dir='ltr'>ubi</span> <span class='ocrx_word' id='word_1_275' title='bbox 2194 3966 2353 4026; x_wconf 85' lang='lat' dir='ltr'>acris</span> <span class='ocrx_word' id='word_1_276' title='bbox 2659 3967 2745 4027; x_wconf 81' lang='lat'>60</span> 
     </span>
     <span class='ocr_line' id='line_1_43' title="bbox 750 4073 2485 4160; baseline -0.002 -21"><span class='ocrx_word' id='word_1_277' title='bbox 750 4076 1004 4140; x_wconf 87' lang='lat' dir='ltr'>Invidia</span> <span class='ocrx_word' id='word_1_278' title='bbox 1033 4083 1224 4160; x_wconf 89' lang='lat' dir='ltr'>atque</span> <span class='ocrx_word' id='word_1_279' title='bbox 1254 4073 1468 4156; x_wconf 84' lang='lat' dir='ltr'>vigent</span> <span class='ocrx_word' id='word_1_280' title='bbox 1500 4073 1607 4135; x_wconf 92' lang='lat' dir='ltr'>ubi</span> <span class='ocrx_word' id='word_1_281' title='bbox 1644 4073 1946 4136; x_wconf 88' lang='lat' dir='ltr'>crimina:</span> <span class='ocrx_word' id='word_1_282' title='bbox 1994 4093 2109 4155; x_wconf 85' lang='lat' dir='ltr'>pro</span> <span class='ocrx_word' id='word_1_283' title='bbox 2140 4073 2300 4136; x_wconf 93' lang='lat' dir='ltr'>bene</span> <span class='ocrx_word' id='word_1_284' title='bbox 2330 4096 2485 4136; x_wconf 87' lang='lat' dir='ltr'>sano</span> 
     </span>
    </p>
   </div>
   <div class='ocr_carea' id='block_1_12' title="bbox 1277 4257 2213 4320">
    <p class='ocr_par' dir='ltr' id='par_1_30' title="bbox 1277 4257 2213 4320">
     <span class='ocr_line' id='line_1_44' title="bbox 1277 4257 2213 4320; baseline -0.001 -11"><span class='ocrx_word' id='word_1_285' title='bbox 1277 4259 1357 4309; x_wconf 81' lang='lat'>50.</span> <span class='ocrx_word' id='word_1_286' title='bbox 1394 4259 1661 4320; x_wconf 71' lang='lat' dir='ltr'>?paulost.</span> <span class='ocrx_word' id='word_1_287' title='bbox 1819 4257 1901 4310; x_wconf 88' lang='grc'>60.</span> <span class='ocrx_word' id='word_1_288' title='bbox 1936 4273 2213 4308; x_wconf 64' lang='lat' dir='ltr'>versemur.</span> 
     </span>
    </p>
   </div>
  </div>
 </body>
</html>
