3025 4776
343 320 456 376 182
892 337 901 344 ⁸
1180 311 1249 384 Q.
1292 308 1609 366 IIORATI
1642 305 1929 364 FLAOCI

770 481 867 544 Ut
900 478 954 542 si
983 478 1126 561 quis
1154 477 1363 542 solum
1393 476 1540 555 hoc,
1568 475 1738 539 mala
1766 494 1849 537 ne
1879 473 2008 536 sint
2035 472 2203 551 vina,
2227 471 2495 550 laboret,

770 587 963 653 Quali
991 586 1334 670 perfimdat
1361 585 1562 668 pisces
1590 604 1850 648 securus
1879 583 2064 647 olivo.
2670 582 2756 642 50

769 696 1052 760 Massica
1080 697 1134 760 si
1169 696 1324 760 caelo
1352 716 1672 780 supponas
1699 694 1850 757 vina
1879 713 2121 770 seren0,

767 809 1128 884 Nocturna,
1162 806 1218 869 si
1247 805 1401 888 quid
1429 805 1623 868 crassi
1652 812 1767 880 est,
1799 802 2173 867 tenuabitur
2202 824 2356 866 aura

770 919 858 981 Et
889 917 1150 981 decedet
1180 916 1338 980 odor
1366 916 1576 979 nervis
1604 914 1942 992 inimicus;
1993 921 2059 977 at
2087 914 2199 977 illa

771 1030 1106 1112 Integrum
1135 1027 1411 1111 perdunt
1439 1028 1574 1093 lino
1601 1027 1824 1090 vitiata
1851 1046 2158 1108 saporem.

350 1159 452 1201 sm.
473 1160 524 1201 Β.
544 1159 582 1199 1.
606 1158 742 1199 1252.
776 1140 1157 1204 Surrentina
1185 1139 1356 1201 vafer
1385 1139 1494 1221 qui
1526 1138 1750 1201 miscet
1778 1137 1933 1201 faece
1964 1137 2235 1201 Falerna
2677 1140 2758 1200 55

774 1252 966 1329 Vina,
998 1250 1364 1314 columbino
1392 1250 1623 1312 limum
1651 1249 1813 1312 bene
1843 1248 2087 1330 colligit
2118 1270 2256 1325 ονο,

778 1360 1115 1424 Quatenus
1143 1359 1275 1423 ima
1301 1359 1464 1442 petit
1491 1358 1750 1422 volvens
1779 1359 1986 1421 aliena
2012 1359 2285 1421 vitellus.

776 1469 986 1533 Tostis
1014 1477 1406 1532 marcentem
1435 1469 1682 1551 squillis
1710 1468 2023 1532 recreabis
2052 1476 2118 1533 et
2146 1469 2307 1531 Afra

776 1581 1076 1643 Potorem
1105 1579 1393 1642 cochlea:
1438 1599 1592 1641 nam
1620 1578 1868 1642 lactuca
1896 1579 2149 1642 innatat
2177 1579 2307 1641 acri

778 1692 935 1753 Post
963 1690 1183 1753 vinum
1213 1689 1543 1752 stomacho
1565 1714 1583 1766 ;
1630 1710 1826 1772 perna
1853 1690 2058 1772 magis
2088 1710 2162 1752 ac
2190 1688 2394 1772 magis
2422 1689 2594 1753 hillis
2681 1691 2766 1752 60

780 1797 1060 1882 Flagitat
1090 1798 1431 1861 immorsus
1461 1799 1658 1876 refici,
1692 1799 1845 1880 quin
1876 1799 2093 1862 omnia
2121 1799 2326 1878 malit,

783 1910 1220 1990 Quaecumque
1248 1908 1600 1972 immundis
1628 1908 1875 1972 fervent
1906 1909 2098 1972 allata
2124 1910 2394 1993 popinis.

358 2041 427 2082 ⁰1²-
442 2040 515 2081 pr·
529 2028 752 2069 E·²-1·22⁹-
782 2019 900 2080 Est
928 2038 1135 2101 operae
1166 2018 1440 2101 pretium
1471 2017 1739 2100 duplicis
1777 2040 2151 2102 pernoscere
2174 2020 2339 2102 juris

780 2128 1118 2192 Naturam.
1210 2128 1493 2211 Simplex
1522 2149 1558 2191 e
1588 2128 1759 2192 dulci
1788 2137 2037 2192 constat
2063 2130 2251 2207 olim,

786 2238 978 2303 Quod
1006 2238 1231 2322 pingui
1258 2240 1526 2303 miscere
1555 2262 1732 2304 mero
1763 2241 2094 2324 muriaque
2125 2241 2392 2319 decebit,
2683 2246 2766 2306 65

784 2350 940 2413 Non
969 2350 1092 2413 alia
1121 2371 1314 2434 quam
1345 2372 1471 2433 qua
1500 2351 1814 2436 Byzantia
1841 2352 2058 2437 putuit
2086 2372 2252 2416 orca.

789 2461 936 2523 Hoc
965 2459 1077 2524 ubi
1108 2462 1442 2524 confusum
1471 2463 1660 2526 sectis
1687 2463 1993 2526 inferbuit
2021 2464 2235 2526 herbis

787 2572 1180 2655 Corycioque
1209 2593 1393 2636 croco
1422 2595 1712 2657 sparsum
1742 2574 1942 2651 stetit,
1973 2573 2232 2657 insuper
2259 2574 2451 2639 addes

790 2683 1017 2744 Pressa
1045 2682 1427 2747 Venafranae
1458 2684 1631 2767 quod
1660 2684 1819 2747 baca
1847 2684 2093 2748 remisit
2125 2686 2324 2750 olivae.

372 2822 464 2865 m.
484 2824 532 2864 c,
555 2823 591 2865 1.
610 2823 647 2863 7.
671 2824 729 2862 14.
790 2796 1039 2859 Picenis
1069 2796 1305 2860 cedunt
1334 2798 1541 2880 pomis
1570 2798 1861 2862 Tiburtia
1888 2820 2077 2863 succo
2104 2825 2117 2863 ε
2693 2804 2777 2868 7ο

789 2907 962 2969 Nam
990 2906 1151 2969 facie
1179 2916 1503 2990 praestant.
1596 2909 1932 2972 Venucula
1961 2911 2257 2975 convenit
2287 2912 2450 2989 ollis,

791 3018 1051 3081 Rectius
1080 3019 1400 3083 Albanam
1430 3020 1609 3083 fumo
1638 3020 1959 3083 duraveris
2002 3043 2212 3085 uvam.

793 3130 983 3192 Hanc
1012 3150 1129 3211 ego
1159 3149 1307 3192 cum
1335 3131 1541 3209 malis,
1573 3152 1691 3213 ego
1719 3132 1939 3194 faecem
1969 3132 2213 3214 primus
2242 3141 2307 3195 et
2337 3134 2514 3212 allec,

790 3240 1046 3303 Primus
1076 3247 1142 3302 et
1170 3239 1458 3304 invenior
1485 3241 1666 3323 piper
1695 3241 1909 3304 album
1941 3263 2089 3304 cum
2119 3243 2248 3306 sale
2279 3243 2464 3326 nigro

792 3350 1123 3412 Incretum
1151 3351 1326 3435 puris
1357 3351 1881 3433 circumposuisse
1912 3353 2162 3417 catillis,
2695 3361 2776 3421 75

792 3462 1086 3525 Immane
1115 3470 1212 3525 est
1240 3462 1467 3524 vitium
1498 3461 1648 3524 dare
1679 3461 1857 3524 milia
1884 3470 2069 3525 terna
2098 3464 2363 3528 macello

792 3575 1213 3655 Angustoque
1242 3593 1433 3655 vagos
1461 3571 1665 3654 pisces
1692 3592 1918 3654 urgere
1949 3573 2182 3636 catino,

793 3681 1039 3764 Magna
1068 3690 1281 3745 movet
1313 3681 1643 3744 stomacho
1671 3681 1948 3760 fastidia,
1980 3704 2093 3746 seu
2122 3705 2281 3766 puer
2309 3686 2522 3748 unctis

372 3843 448 3894 ,ἐφ
472 3842 513 3882 Β.
534 3842 572 3882 1·
592 3844 630 3882 3·
652 3842 715 3881 31·
794 3792 1119 3858 Tractavit
1149 3792 1410 3855 calicem
1440 3791 1758 3870 manibuS,
1790 3792 1946 3855 dum
1975 3792 2148 3856 furta
2178 3794 2420 3877 ligurit,

798 3905 944 3969 Sive
974 3901 1179 3986 gravis
1207 3903 1406 3967 veteri
1437 3910 1698 3966 craterae
1728 3903 1919 3966 limus
1948 3903 2234 3981 adhaesit.
2699 3910 2786 3971 80

375 4051 489 4091 neap.
512 4040 553 4080 s.
573 4041 610 4079 2.
631 4042 668 4079 a.
692 4041 752 4079 m.
795 4014 1050 4078 Vilibus
1079 4013 1148 4077 in
1177 4015 1405 4098 scopis,
1437 4014 1507 4077 in
1538 4015 1808 4097 mappis,
1842 4015 1909 4078 in
1939 4016 2128 4079 scobe
2160 4025 2438 4099 quantus
2522 4068 2530 4075 ,

517 4090 568 4131 B'
591 4091 769 4132 1'5'22'
797 4126 1105 4190 Consistit
1134 4126 1474 4208 sumptus?
1521 4125 1852 4207 neglectis>
1887 4125 2202 4208 flagitium
2233 4127 2479 4210 ingens·

1016 4298 1095 4345 51.
1134 4311 1405 4359 suppones,
1434 4294 1541 4357 (Ο.)
1681 4294 1762 4344 73.
1800 4295 1958 4343 halec.
2100 4294 2176 4345 76.
2215 4298 2239 4345 Ρ
2262 4297 2562 4348 immane-st.
