3025 4776
1020 306 1491 365 SATIRARUM
1535 307 1690 364 LIB.
1748 308 1800 364 I.
1860 307 1936 364 ix.
2582 313 2688 369 159

399 468 599 531 Hunc
627 467 956 531 hominem
985 470 1177 532 velles
1209 470 1263 533 si
1292 470 1544 534 tradere
1571 496 1584 533 :
1634 469 1987 553 dispeream
2017 470 2088 533 ni
2290 495 2631 543 era.13.1.n.s;

401 580 800 643 Summosses
830 600 1069 643 omnes.
1159 580 1312 643 Non
1343 580 1466 643 isto
1494 580 1764 644 vivimus
1793 581 1941 658 illic,
2519 546 2580 586 ω’
2601 545 2664 586 ⁷⁸⁸

400 691 548 755 Quo
578 699 652 752 tu
680 710 838 767 rere,
872 688 1063 752 modo
1085 714 1104 767 3
1152 689 1378 752 domus
1407 689 1529 751 hac
1557 709 1676 752 nec
1704 689 1920 773 purior
1948 689 2078 751 ulla
2106 696 2204 751 est

269 803 355 861 50
398 799 541 862 Nec
570 799 774 880 magis
803 799 904 861 his
934 798 1141 861 aliena
1170 798 1354 861 malis
1372 823 1391 875 3
1439 799 1534 860 nil
1562 799 1654 860 mi
1684 799 1881 862 officit
1907 819 2234 881 umquam,

397 909 612 971 Ditior
639 909 745 972 hic
776 917 888 971 aut
916 915 1014 972 est
1044 909 1195 991 quia
1222 909 1510 987 doctior3
1558 916 1654 972 est
1682 910 1861 973 locus
1888 909 2002 971 uni

398 1019 646 1100 Cuique
676 1040 847 1081 suus.
909 1019 1231 1101 Magnum
1260 1040 1500 1098 narras,
1532 1020 1637 1083 vix
1666 1018 1965 1082 credibile
1993 1020 2008 1081 1
2057 1019 2261 1100 Atqui

402 1129 510 1191 Sic
538 1127 753 1191 habet.
844 1129 1162 1192 Accendis
1193 1150 1386 1211 quare
1416 1129 1668 1212 cupiam
1699 1130 1902 1212 magis
1931 1128 2027 1191 illi

401 1238 737 1300 Proximus
765 1259 919 1302 esse.
1008 1238 1188 1301 Velis
1205 1239 1654 1303 tantummodo
1678 1265 1693 1304 z
1741 1261 1883 1321 quae
1902 1246 2018 1301 tua
2039 1239 2259 1315 virtus,

272 1351 355 1408 55
405 1347 857 1431 Expugnabis3
906 1357 973 1412 et
1002 1355 1099 1411 est
1126 1349 1237 1430 qui
1266 1348 1434 1411 vinci
1462 1349 1683 1432 possit,
1716 1369 1919 1430 eoque

401 1457 706 1520 Difficiles
737 1458 945 1520 aditus
973 1459 1210 1541 primos
1236 1458 1452 1522 habet.
1546 1457 1746 1522 Haud
1774 1457 1937 1520 mihi
1967 1456 2156 1520 deero
2182 1482 2194 1519 ε
2292 1480 2385 1522 aee.
2407 1480 2451 1522 s.
2470 1480 2508 1521 2.
2529 1480 2566 1519 1.
2587 1479 2650 1521 1⁷.

401 1566 787 1630 Muneribus
816 1587 1026 1631 servos
1056 1588 1460 1649 corrumpam
1482 1593 1502 1645 3
1549 1586 1702 1645 non,
1734 1567 1922 1631 hodie
1951 1567 2006 1629 si

402 1677 716 1740 Exclusus
744 1677 945 1754 fuern,
979 1677 1281 1740 desistam
1302 1702 1320 1753 3
1368 1684 1656 1760 tempora
1685 1697 1961 1759 quaeram
1982 1701 2001 1752 3

401 1789 754 1851 Occurram
782 1787 851 1849 in
880 1786 1083 1849 triviis
1102 1812 1122 1864 3
1170 1786 1482 1849 deducam
1507 1812 1521 1848 :
1571 1786 1690 1850 Nil
1717 1787 1853 1849 sine
1883 1807 2115 1867 magno

274 1900 361 1959 60
406 1896 561 1958 Vita
586 1896 804 1959 labore
833 1896 1009 1959 dedit
1041 1894 1437 1958 mortalibus.
1530 1894 1694 1958 Haec
1726 1893 1874 1957 dum
1910 1896 2064 1978 agit,
2098 1916 2243 1958 ecce

403 2008 646 2071 Fuscus
675 2006 955 2069 Aristius
983 2005 1281 2083 occurrit,
1314 2005 1473 2067 mihi
1504 2026 1706 2081 carus,
1740 2012 1806 2068 et
1834 2005 2019 2068 illum
2292 2022 2388 2063 Ari.
2409 2021 2455 2061 e.
2478 2022 2513 2061 ι,
2534 2022 2595 2061 22.

403 2117 535 2183 Qui
566 2115 829 2200 pulchre
858 2124 1093 2179 nosset.
1166 2116 1608 2179 ConsistimuS.
1680 2115 1872 2179 Unde
1902 2115 2076 2177 venis
2100 2116 2130 2177 Ρ
2175 2125 2260 2192 et,
2594 2101 2605 2112 ⁴

402 2228 551 2292 Quo
580 2226 791 2289 tendis
815 2227 844 2287 Ρ
889 2233 1072 2308 rogat
1102 2233 1167 2288 et
1195 2225 1554 2308 respondet.
1644 2225 1897 2288 Vellere
1928 2225 2090 2308 coepi

403 2337 491 2399 Et
520 2357 818 2421 prensare
847 2358 1046 2401 manu
1073 2336 1429 2400 lentissima
1455 2335 1769 2413 bracchia,
1803 2343 2060 2412 nutans,

160 2447 169 2453 “
273 2450 355 2509 65
402 2447 826 2530 Distorquens
856 2448 1096 2525 oculos,
1127 2454 1203 2510 ut
1232 2469 1335 2510 me
1366 2447 1657 2530 eriperet.
1748 2448 1923 2510 Male
1954 2447 2153 2509 salsus

404 2557 645 2620 Ridens
676 2555 1073 2619 dissimulare
1095 2582 1112 2633 3
1161 2577 1377 2619 meum
1401 2557 1588 2638 jecur
1616 2577 1799 2619 urere
1829 2555 1993 2618 bilis.

405 2669 596 2731 Certe
625 2667 841 2730 nescio
872 2666 1026 2748 quid
1055 2674 1297 2728 secreto
1326 2665 1485 2728 velle
1515 2665 1691 2748 loqui
1721 2673 1786 2728 te

401 2777 641 2840 Aiebas
670 2798 943 2840 mecum.
1034 2776 1314 2839 Memini
1343 2774 1506 2839 bene
1528 2802 1548 2852 3
1596 2776 1707 2838 sed
1736 2776 1994 2839 meliore

400 2889 708 2969 Tempore
739 2875 992 2951 dicam':
1031 2884 1229 2950 hodie
1258 2885 1581 2949 tricesima
1608 2885 1872 2948 sabbata
1898 2911 1911 2949 :
1959 2886 2067 2950 vin
2098 2894 2171 2949 tu

274 3002 358 3061 70
402 2999 618 3061 Curtis
648 3000 691 3061 J
697 2998 893 3061 udaeis
923 2996 1232 3080 oppedere
1256 2996 1286 3057 Ρ
1375 2995 1576 3058 Nulla
1607 2996 1789 3073 mihi,
1819 2996 2105 3078 inquam,

404 3108 653 3191 Religio
682 3115 798 3171 est.
888 3110 981 3172 At
1012 3108 1100 3170 mi
1124 3134 1142 3184 3
1190 3129 1331 3170 sum
1363 3107 1552 3190 paulo
1580 3105 1912 3182 infirmior,
1945 3127 2111 3168 unus

400 3218 784 3280 Multorum.
836 3217 1202 3298 .Ignosces3
1237 3217 1390 3278 alias
1414 3217 1655 3297 loquar.
1736 3215 2038 3283 Huncine
2061 3216 2258 3279 solem

290 3384 305 3394 .
400 3328 558 3389 'Pam
585 3328 846 3409 nigrum
877 3348 1130 3389 surrexe
1162 3326 1358 3388 mihi!
1454 3326 1651 3407 Fugit
1679 3325 2009 3407 improbus
2039 3347 2111 3388 ac
2134 3348 2237 3388 me

401 3435 535 3498 Sub
566 3437 773 3499 cultro
803 3436 1058 3518 linquit.
1151 3437 1323 3499 Casu
1353 3435 1526 3497 venit
1556 3432 1780 3496 obvius
1809 3433 1903 3494 illi

271 3551 352 3609 75
404 3545 821 3608 Adversarius
850 3547 1154 3611 et-Quo
1182 3552 1259 3607 tu
1286 3544 1647 3627 turpissime
1670 3544 1699 3604 Ρ
1745 3565 1981 3626 magna

399 3655 714 3718 Inclamat
744 3676 895 3718 voce
926 3654 1264 3718 et--Licet
1296 3654 1600 3716 antestari
1620 3653 1650 3715 Ρ
1742 3654 1880 3736 Ego
1910 3676 2057 3719 vero

401 3765 669 3848 Oppono
699 3766 1066 3828 auriculam.
1138 3765 1335 3848 Rapit
1363 3765 1431 3827 in
1453 3764 1600 3845 jus3
1648 3765 1887 3828 clamor
1913 3769 2254 3850 utrimque,

406 3876 709 3958 Undique
738 3897 1103 3939 concursus.
1198 3874 1306 3938 Sic
1335 3895 1438 3937 me
1467 3875 1737 3937 servavit
1767 3877 2016 3960 Apollo,

200 4014 218 4029 '
288 4027 371 4072 48.
406 4025 613 4082 vivitur,
642 4026 780 4073 Bent.
877 3994 881 3998 >
914 4024 995 4071 49.
1023 4023 1045 4072 Ρ
1070 4025 1246 4073 ullast.
1381 4022 1459 4072 50.
1494 4024 1720 4084 inquam.
1856 4025 1934 4073 64.
1971 4041 2224 4087 pressare.

331 4091 413 4137 68.
449 4091 664 4138 meliori.
797 4089 878 4138 69.
912 4090 993 4139 vis
1016 4095 1091 4147 tu,
1118 4092 1172 4136 B.
1202 4089 1297 4151 (cp.
1326 4088 1376 4136 S.
1401 4091 1447 4135 2.
1472 4087 1519 4136 6.
1545 4089 1650 4151 92.)
1790 4088 1869 4139 71.
1908 4091 1930 4139 Ρ
1955 4092 2222 4154 Religiost.

1078 4154 1157 4203 76.
1180 4155 1450 4201 exclamat.

2218 4368 2322 4416 ΝΖ
