3025 4776
355 283 466 337 156

513 901 677 980 md».

584 975 693 1016 *u

520 979 647 1084 W,

346 1838 407 1869 ιι.
429 1824 472 1866 8.
491 1826 529 1865 2.
551 1824 587 1866 1.
607 1824 672 1866 22.

342 2496 405 2539 η.
426 2488 508 2540 Ep.
528 2490 568 2531 ὅ.
590 2489 679 2531 100.

343 2724 440 2755 ven.
463 2714 544 2766 Ep.
565 2716 604 2756 δ.
623 2713 689 2756 87.

1190 283 1258 356 Q.
1303 283 1622 341 HORATI
1655 283 1943 342 FLAOGI

1659 570 1870 636 VIII.

775 705 961 768 Onu
992 710 1260 768 truncus
1291 726 1467 770 eram
1496 705 1790 783 ficulnus,
1823 705 2054 768 inutile
2083 705 2356 790 lignum,

772 813 939 877 Cum
968 814 1146 878 faber
1173 815 1456 880 incertus
1484 834 1818 879 scamnum
1847 815 2169 880 faceretne
2198 816 2528 900 Priapum,

769 925 1009 988 Maluit
1038 947 1174 990 esse
1205 926 1397 990 deum
1418 953 1438 1005 5
1486 926 1643 990 deus
1672 926 1821 990 inde
1852 948 1990 1009 eg0,
2022 927 2237 990 furum
2269 928 2610 1011 aviumque

769 1034 1060 1098 Maxima
1086 1036 1397 1101 formido:
1443 1057 1597 1100 nam
1627 1037 1799 1099 fures
1829 1035 2052 1100 dextra
2081 1041 2331 1101 cocrcet

770 1145 1190 1229 Obscenoque
1216 1146 1410 1211 ruber
1438 1153 1768 1230 porrectus
1799 1146 1880 1210 ab
1909 1147 2175 1230 inguine
2202 1148 2385 1231 palus
2411 1173 2426 1212 ε
2721 1151 2759 1209 5

767 1256 894 1319 Ast
923 1256 1320 1339 importunas
1349 1258 1637 1321 volucres
1665 1257 1737 1320 in
1764 1257 2001 1321 vertice
2032 1257 2276 1321 arundo

768 1365 991 1429 Terret
1020 1367 1146 1429 fixa
1171 1374 1471 1449 vetatque
1499 1367 1680 1430 novis
1711 1367 2039 1431 considere
2067 1369 2138 1431 in
2166 1368 2390 1433 hortis.

771 1473 922 1540 Huc
950 1477 1125 1558 prius
1155 1477 1443 1559 angustis
1473 1477 1680 1559 ejecta
1710 1477 2014 1540 cadavera
2042 1478 2218 1540 cellis

769 1587 1125 1650 Conservus
1157 1587 1263 1648 vili
1291 1586 1604 1669 portanda
1633 1586 1882 1650 locabat
1913 1587 1982 1649 in
2013 1608 2200 1666 arca3

768 1695 917 1758 Hoc
948 1695 1193 1759 miserae
1220 1696 1392 1778 plebi
1420 1695 1634 1758 stabat
1663 1716 2003 1758 commune
2033 1695 2415 1778 sepulcrum,
2683 1699 2765 1760 10

768 1804 1125 1869 Pantolabo
1154 1825 1390 1868 scurrae
1419 1805 1959 1887 Nomentanoque
1989 1805 2226 1886 nepoti.

768 1914 955 1977 Mille
984 1913 1177 1996 pedes
1205 1913 1276 1977 in
1305 1914 1536 1991 fronte,
1570 1920 1890 1977 trecentos
1919 1914 2139 1997 cippus
2167 1915 2237 1977 in
2268 1936 2496 1998 agrum

769 2024 903 2089 Hic
930 2024 1145 2103 dabat,
1175 2022 1439 2087 heredes
1467 2031 1962 2087 monumentum
1990 2045 2072 2087 ne
2102 2033 2492 2108 sequeretur.

766 2137 966 2200 Nunc
993 2134 1146 2198 licet
1174 2134 1481 2217 Esquiliis
1509 2133 1803 2198 habitare
1833 2133 2192 2198 salubribus
2224 2141 2415 2218 atque

766 2247 1021 2329 Aggere
1048 2245 1118 2308 in
1149 2245 1361 2329 aprico
1390 2243 1672 2328 spatiari,
1707 2265 1833 2326 quo
1861 2244 2054 2308 modo
2083 2246 2299 2309 tristes
2679 2250 2759 2310 15

765 2356 953 2423 Albis
981 2356 1321 2422 informem
1352 2355 1728 2440 spectabant
1758 2355 2006 2420 ossibus
2037 2378 2263 2440 agrum
2288 2381 2309 2436 3

768 2470 935 2532 Cum
965 2466 1127 2529 mihi
1155 2488 1286 2531 non
1314 2473 1572 2530 tantum
1599 2467 1896 2549 furesque
1926 2467 2204 2549 feraeque
2234 2470 2434 2532 suetae

766 2576 965 2640 Hunc
992 2597 1216 2642 vexare
1246 2577 1458 2640 locum
1489 2598 1661 2640 curae
1691 2585 1844 2641 sunt
1873 2583 2066 2660 atque
2095 2577 2324 2658 labori,

767 2686 1102 2753 Quantum
1131 2686 1517 2752 carminibus
1548 2707 1691 2768 quae
1724 2693 1975 2749 versant
2006 2695 2197 2770 atque
2227 2690 2485 2753 venenis

767 2797 1106 2861 Humanos
1136 2796 1418 2860 animos:
1467 2795 1584 2859 has
1611 2796 1790 2858 nullo
1818 2790 2081 2879 perdere
2110 2818 2371 2880 possum
2673 2801 2761 2864 20

766 2906 909 2970 Nec
937 2906 1273 2988 prohibere
1302 2904 1511 2983 mod0,
1546 2905 1739 2969 simul
1769 2927 1841 2968 ac
1872 2928 2032 2989 vaga
2061 2907 2251 2970 Luna
2282 2908 2586 2973 decorum

764 3016 1045 3080 Protulit
1074 3035 1166 3093 os,
1198 3015 1356 3097 quin
1386 3035 1531 3077 ossa
1559 3014 1776 3097 legant
1804 3014 2160 3100 herbasque
2189 3027 2514 3083 nocentes.

764 3125 920 3189 Vidi
947 3132 1201 3208 egomet
1230 3123 1417 3207 nigra
1445 3125 1838 3187 succinctam
1868 3125 2096 3197 vadere
2125 3127 2295 3210 palla

764 3234 1097 3298 Canidiam
1127 3233 1396 3316 pedibus
1426 3234 1618 3297 nudis
1646 3255 1955 3317 passoque
1987 3237 2238 3319 capillo,

765 3347 933 3411 Cum
966 3345 1218 3427 Sagana
1245 3344 1486 3427 majore
1520 3344 1877 3408 ululantem
1901 3371 1920 3423 5
1968 3346 2170 3428 pallor
2197 3353 2501 3430 utrasque
2676 3354 2758 3412 25

763 3455 1027 3519 Fecerat
1056 3455 1401 3520 horrendas
1431 3454 1755 3538 adspectu.
1851 3457 2145 3541 Scalpere
2174 3465 2414 3522 terram

766 3569 1112 3652 Unguibus
1141 3576 1207 3633 et
1235 3569 1479 3653 pullam
1508 3569 1805 3632 divellere
1833 3569 2152 3633 mordicus
2184 3592 2417 3654 agnam

765 3680 1149 3764 Coeperunt;
1196 3700 1384 3743 cruor
1411 3680 1482 3742 in
1510 3679 1746 3742 fossam
1776 3680 2100 3759 confusus,
2131 3689 2208 3744 ut
2238 3681 2388 3745 inde

762 3789 995 3854 Manoe
1024 3791 1346 3868 elicerent,
1380 3790 1624 3853 animas
1653 3811 1953 3873 responsa
1981 3789 2260 3856 daturas.

765 3901 985 3965 Lanea
1011 3907 1079 3964 et
1105 3901 1344 3984 effigies
1372 3908 1528 3976 erat,
1563 3887 1762 3963 altera
1791 3920 1972 3963 cerea
1998 3925 2011 3963 :
2059 3902 2269 3983 major
2437 3894 2444 3907 ⁸
2673 3904 2760 3965 30

765 4009 985 4073 Lanea
1018 4030 1160 4092 quae
1191 4008 1395 4091 poenis
1425 4015 1856 4092 compesceret
1883 4009 2286 4087 inferiorem3

766 4121 967 4184 Cerea
994 4119 1360 4202 suppliciter
1388 4118 1621 4196 stabat,
1654 4118 1984 4183 servilibus
2012 4126 2088 4182 ut
2118 4139 2260 4201 quae

1484 4268 1560 4315 15.
1598 4283 1715 4331 qua,
1746 4270 1879 4316 Bcnt.
1907 4271 2027 4328 conj.
