3025 4776
382 241 496 296 106
1102 238 1169 312 Q.
1226 237 1548 297 HORATI
1593 236 1886 295 PLAOOI
1938 236 2173 294 GARM.

1163 402 1270 467 Ne
1297 422 1492 487 parva
1522 400 1931 486 Tyrrhenum
1960 420 2074 485 per
2103 420 2319 483 aequor
2427 381 2432 386 ’

1248 513 1415 577 Vela
1442 511 1685 577 darem.
1774 512 1935 590 Tua,
1968 511 2204 591 Gaas,
2235 516 2392 575 aetas

383 681 423 724 ς.
441 673 491 717 ο.
509 674 549 717 4.
568 675 608 717 ε.
627 673 692 718 ιε.
1076 651 1321 733 Fruges
1349 656 1427 712 et
1445 648 1616 732 agris
1642 648 1895 713 rettulit
1923 646 2173 726 uberes,
2771 649 2811 708 5
2928 668 2932 673 ·

382 772 486 817 sou.
506 774 555 816 0.
574 775 615 817 ³.
633 776 672 817 ε.
693 775 759 818 12.
1072 761 1163 825 Et
1191 760 1378 843 signa
1402 766 1627 823 nostro
1655 756 1942 822 restituit
1973 757 2015 821 J
2018 756 2140 834 ovi,

381 889 721 940 7.n.1.1e.5e.
1160 869 1448 952 Derepta
1477 866 1870 933 Parthorum
1899 865 2188 950 superbis

1247 978 1573 1058 Postibus,
1603 985 1670 1042 et
1697 998 1971 1042 vacuum
2002 976 2232 1042 duellis

1074 1114 1119 1179 J
1121 1134 1331 1177 anum·
1348 1112 1610 1180 Quirini
1639 1111 1889 1190 elausit,
1922 1119 1990 1176 et
2018 1111 2310 1177 ordinem

381 1250 446 1281 xo.
466 1237 516 1281 ο.
534 1240 574 1282 s.
597 1239 661 1281 a
681 1239 747 1283 w.
1073 1222 1351 1288 Rectum
1381 1221 1679 1306 evaganti
1707 1222 1889 1286 frena
1917 1221 2230 1288 Licentiae
2469 1288 2472 1289 γ
2727 1224 2811 1286 10

1159 1332 1419 1418 Injeeit,
1451 1333 1817 1416 emovitque
1847 1331 2086 1416 culpae,

410 1474 432 1505 2
558 1494 573 1556 '.
587 1464 741 1557 3311&
1242 1443 1333 1507 Et
1361 1448 1608 1507 veteres
1635 1441 1953 1507 revocavit
1983 1449 2151 1507 artes
2176 1468 2192 1507 ε

1071 1582 1199 1645 Per
1227 1601 1385 1664 quas
1414 1582 1727 1646 Latinum
1757 1604 1997 1649 nomen
2025 1591 2092 1649 et
2121 1585 2309 1650 Italae

1072 1692 1340 1757 Crevere
1368 1692 1555 1770 viree,
1586 1693 1979 1776 famaqueet
2008 1693 2236 1779 imperi

384 1808 729 1890 15.o.³.'³.4⁵.
1157 1804 1463 1867 Porrecto
1490 1804 1792 1886 majestas
1821 1802 1906 1866 ad
1933 1809 2115 1867 ortus
2725 1807 2806 1869 15

1245 1911 1413 1976 Solis
1444 1911 1525 1976 ab
1558 1912 1873 1996 Hesperio
1901 1911 2122 1977 cubili.

384 2073 448 2116 η.
469 2065 518 2107 c.
533 2066 576 2156 ἓ
593 2065 676 2155 ξιξ
678 2065 742 2108 14.
1070 2045 1355 2112 Custode
1383 2068 1599 2112 rerum
1629 2048 1898 2126 Caesare,
1928 2069 2063 2113 non
2091 2047 2271 2114 furor

385 2166 467 2208 dv·
487 2165 536 2209 0·
555 2168 593 2208 ³·
613 2146 651 2208 ὲ·
671 2146 711 2209 5³·
1071 2158 1290 2222 Civilis
1321 2166 1432 2222 aut
1460 2159 1559 2223 vis
1588 2159 1801 2243 exiget
1829 2160 2059 2241 otium,

383 2301 741 2353 19,0‚1‚35,39‚
1153 2270 1313 2334 Non
1339 2269 1453 2349 ira,
1486 2291 1630 2354 quae
1657 2272 1953 2355 procudit
1983 2293 2189 2350 cnseo,

1241 2381 1331 2446 Et
1360 2380 1625 2446 miseras
1652 2380 1945 2447 inimicat
1983 2382 2193 2448 urbes·
2717 2388 2804 2450 20

1068 2519 1246 2598 Non,
1278 2519 1391 2602 qui
1417 2518 1809 2604 profundum
1840 2519 2217 2583 Danubium
2245 2519 2499 2600 bibunt,

1070 2630 1304 2695 Edicta
1325 2635 1629 2715 rumpent
1660 2631 1702 2694 J
1705 2628 1856 2707 ulia,
1888 2650 2021 2693 non
2053 2630 2257 2708 Getae,

385 2784 448 2823 2³-
469 2771 517 2814 ο,
536 2772 575 2815 3,
594 2773 659 2814 20,
676 2774 742 2817 27,
1154 2742 1309 2806 Non
1343 2743 1552 2820 SereS,
1581 2740 1838 2803 infidive
1867 2742 2103 2819 Persae,

1242 2851 1401 2915 Non
1429 2850 1678 2914 Tanain
1707 2870 1900 2934 prope
1930 2850 2170 2914 flumen
2199 2850 2346 2916 orti.

1066 2981 1333 3071 Nosque
1363 2994 1430 3051 et
1457 2985 1751 3070 profestis
1779 2984 2031 3050 lucibus
2059 2993 2126 3050 et
2154 2985 2371 3066 saeriS,
2714 2993 2798 3054 25

1067 3101 1255 3164 Inter
1275 3099 1481 3183 jocosi
1509 3118 1780 3161 munera
1806 3095 2046 3174 Liberi,

1154 3211 1324 3275 Cum
1354 3209 1530 3294 prole
1558 3207 1996 3291 matronisque
2023 3208 2281 3289 nostrie,

1243 3321 1396 3385 Rite
1424 3319 1578 3391 ‚deos
1605 3318 1782 3403 prius
1812 3318 2158 3402 apprecati,

1064 3457 1327 3522 Virtute
1355 3456 1631 3534 funetoS,
1661 3474 1839 3518 more
1867 3460 2147 3538 patrum,
2180 3453 2392 3532 duces,

1065 3567 1266 3652 Lydis
1294 3567 1568 3630 remixto
1599 3566 1880 3630 carmine
1910 3564 2105 3642 tibiis,
2714 3569 2804 3630 30

1149 3678 1295 3761 Troj
1305 3698 1535 3760 amque
1565 3684 1631 3741 et
1661 3675 1994 3740 Anchisen
2022 3681 2088 3739 et
2117 3676 2304 3739 almae

1238 3788 1622 3871 Progeniem
1653 3786 1928 3852 Veneris
1958 3807 2283 3851 canemus·

803 3947 883 3998 15.
906 3950 1094 3997 ortum.
1226 3945 1309 3996 18.
1331 3945 1541 3996 eximet.
1673 3944 1758 3994 21.
1783 3945 2098 4009 Danuvium,
2123 3946 2188 3996 K.
2218 3944 2335 4012 (Cp.
2362 3944 2445 3996 Or.
2468 3945 2537 3995 ad
2563 3946 2674 3996 Tac.
2697 3945 2800 3997 An.
2885 3961 2904 3983 ·

1696 4021 1761 4060 11.
1786 4010 1895 4076 63.)
