3025 4776
292 217 405 271 146

287 498 423 549 preb.
445 498 487 540 S.
508 500 546 541 2.
566 500 604 540 2.
623 500 687 539 oe.

291 631 354 678 89.
378 627 427 669 0.
449 628 488 669 8.
506 627 570 668 21.
592 626 653 667 lu.

1104 214 1168 288 Q.
1212 218 1282 274 H
1280 217 1441 275 ΘΚΑ
1443 217 1530 273 TI
1560 215 1714 275 FLA
1719 215 1850 275 001

714 379 771 441 E
803 378 1034 461 quibus
1063 401 1232 444 unus
1261 386 1433 445 amet
1463 380 1682 463 quavis
1712 379 2088 464 adspergere
2117 388 2385 447 cunctos

718 495 962 557 Praeter
989 515 1138 558 eum
1167 494 1278 577 qui
1294 494 1537 578 praebet
1556 516 1788 577 aquam
1810 521 1831 574 5
1861 503 2007 579 post
2024 494 2199 558 hunc
2218 518 2475 580 quoque
2496 506 2706 581 potus,

716 602 996 668 Condita
1023 625 1170 668 cum
1200 625 1386 669 verax
1416 605 1619 689 aperit
1648 605 1997 689 praecordia
2025 606 2244 671 Liber.

654 800 662 805 .
678 708 848 820 Ἢίο
877 714 995 779 tibi
1031 715 1229 779 comis
1258 723 1325 779 et
1353 715 1639 779 urbanus
1667 716 1953 799 liberque
1981 717 2256 797 videtur,
2624 723 2709 783 90

292 854 673 1039 ’tumst-l»

289 2622 390 2662 par.
412 2612 459 2650 C.
482 2611 517 2650 1.
537 2612 600 2652 31.
626 2613 683 2653 17.

291 2826 394 2867 mal.
417 2837 454 2867 ν.
479 2827 565 2868 135.

292 3733 674 3785 117.C.4.l5.12.

293 3945 441 4015 11918.
464 3964 642 4006 Lam.

598 824 691 909 [κ
716 824 967 889 Infesto
994 825 1236 909 nigris,
1283 846 1403 909 ego
1431 825 1487 889 si
1517 826 1651 905 risi,
1682 826 1852 909 quod
1881 827 2140 911 ineptus

714 937 1009 1000 Pastillos
1037 936 1312 1000 Rufillus
1340 937 1490 1015 olet,
1526 937 1889 1020 Gargonius
1917 937 2190 1016 hircum,

715 1047 979 1112 Lividus
1009 1054 1077 1111 et
1105 1047 1369 1111 mordax
1399 1046 1616 1111 videor
1643 1046 1819 1110 tibi?
1907 1047 2167 1112 Mentio
2195 1047 2248 1112 si
2278 1070 2408 1131 qua

713 1158 816 1222 De
845 1158 1189 1242 Capitolini
1217 1158 1407 1222 furtis
1435 1158 1676 1241 injecta
1703 1157 1922 1221 Petilli

714 1270 806 1332 Te
835 1289 1048 1333 coram
1078 1269 1292 1347 fuerit,
1325 1267 1651 1346 defendas,
1680 1275 1756 1332 ut
1784 1276 1937 1331 tuus
1964 1274 2062 1331 est
2092 1289 2272 1334 mos:
2622 1274 2707 1334 95

715 1380 831 1442 Me
863 1379 1262 1463 Capitolinus
1291 1378 1650 1443 convictore
1678 1400 1833 1441 usus
1861 1378 2192 1461 amicoque

718 1493 777 1554 A
808 1510 1005 1572 puero
1033 1497 1154 1567 est,
1185 1509 1497 1572 causaque
1527 1510 1671 1551 mea
1697 1488 2015 1571 permulta
2042 1497 2307 1572 rogatus

719 1600 917 1676 Fecit,
951 1607 1016 1662 et
1045 1599 1383 1662 incolumis
1412 1601 1595 1664 laetor
1625 1599 1796 1682 quod
1824 1600 1978 1663 vivit
2007 1600 2078 1663 in
2105 1599 2264 1663 urbe
2287 1625 2308 1677 ς

719 1710 847 1773 Sed
875 1717 1094 1773 tamen
1125 1708 1425 1786 admiror,
1455 1730 1582 1792 quo
1612 1717 1796 1791 pacto
1817 1709 2133 1791 judicium
2163 1707 2323 1772 illud

720 1819 1003 1903 Fugerit.
1097 1819 1227 1882 Hic
1257 1819 1455 1902 nigrae
1484 1841 1711 1883 succus
1740 1820 2039 1902 loliginis,
2070 1820 2209 1884 haec
2239 1828 2336 1883 est
2584 1823 2711 1884 100

720 1931 968 2014 AErugo
995 1951 1172 1993 mera
1195 1955 1213 2008 ς
1260 1930 1431 2012 quod
1460 1929 1688 1993 vitium
1719 1932 1935 2013 procul
1966 1930 2137 1993 afore
2168 1930 2408 1993 chartis

716 2045 932 2126 Atque
963 2043 1175 2106 animo
1203 2042 1400 2125 prius,
1433 2049 1508 2131 ut
1539 2030 1776 2126 si'quid
1806 2042 2177 2126 promittere
2208 2042 2286 2105 de
2315 2063 2422 2105 me

716 2155 984 2218 Possum
1011 2153 1182 2216 aliud
1213 2175 1375 2232 vere,
1408 2154 1732 2237 promitto.
1824 2153 2120 2218 Liberius
2149 2154 2201 2216 si

715 2266 955 2330 Dixero
984 2263 1158 2347 quid,
1190 2264 1243 2327 si
1274 2263 1438 2328 forte
1460 2265 1764 2346 jocosiuS,
1796 2264 1920 2327 hoc
1948 2263 2108 2327 mihi
2131 2264 2298 2348 juris

714 2379 882 2443 Cum
910 2375 1096 2441 venia
1125 2374 1305 2440 dabis
1332 2402 1345 2440 ε
1393 2376 1674 2441 insuevit
1703 2382 1883 2459 pater
1910 2375 2192 2459 optimus
2219 2376 2342 2441 hoc
2372 2398 2474 2439 me
2585 2379 2708 2440 105

716 2489 812 2553 Ut
840 2488 1128 2569 fugerem
1159 2488 1463 2571 exemplis
1492 2488 1794 2551 vitiorum
1826 2508 2091 2570 quaeque
2120 2487 2426 2551 notando.

715 2600 880 2662 Cum
912 2620 1014 2662 me
1043 2598 1426 2676 hortaretur,
1459 2618 1666 2680 parce,
1700 2597 2033 2680 frugaliter
2063 2606 2256 2681 atque

713 2711 1011 2774 Viverem
1043 2711 1139 2774 uti
1170 2718 1512 2774 contentus
1543 2731 1636 2785 e0‚
1671 2709 1840 2791 quod
1872 2708 1962 2771 mi
1991 2709 2127 2792 ipse
2156 2691 2481 2793 parasset:

712 2821 948 2884 Nonne
978 2820 1173 2898 videS,
1204 2819 1359 2884 Albi
1389 2826 1461 2882 ut
1490 2820 1657 2882 male
1688 2820 1858 2883 vivat
1887 2819 2057 2881 filius
2085 2827 2276 2902 atque

713 2931 953 2994 Barrus
982 2931 1212 3014 inops?
1260 2950 1569 3012 magnum
1600 2930 2084 3007 documentum,
2115 2951 2197 2993 ne
2226 2929 2497 3012 patriam
2530 2952 2661 2994 rem
2787 2949 2794 2956 ’

713 3042 987 3105 Perdere
1018 3041 1160 3123 quis
1190 3040 1361 3104 velit.
1453 3042 1517 3104 A
1545 3040 1719 3122 turpi
1751 3039 2103 3103 meretricis
2131 3061 2345 3104 amore
2583 3045 2612 3103 1
2629 3046 2654 3103 l
2671 3045 2699 3103 l

713 3153 880 3217 Cum
909 3153 1256 3216 deterreret
1285 3177 1299 3216 :
1350 3151 1611 3216 Sectani
1641 3150 1965 3214 dissimilis
1994 3151 2099 3214 sis.

712 3263 819 3326 Ne
850 3283 1147 3345 sequerer
1177 3262 1480 3339 moechaS,
1512 3280 1814 3325 concessa
1841 3282 1990 3325 cum
2019 3279 2247 3325 venere
2276 3261 2376 3324 uti

715 3377 974 3438 Possem
1002 3400 1016 3438 ε
1063 3375 1376 3457 Deprensi
1407 3395 1541 3438 non
1571 3373 1738 3437 bella
1766 3380 1865 3438 est
1892 3373 2066 3436 fama
2093 3373 2392 3453 Treboni,

711 3485 972 3549 Aiebat.
1061 3485 1346 3569 SapienS,
1379 3485 1586 3548 vitatu
1617 3485 1896 3567 quidque
1925 3484 2148 3568 petitu.
2586 3489 2706 3548 115

715 3595 816 3658 Sit
844 3595 1092 3671 melius„
1127 3616 1346 3658 causas
1375 3595 1598 3659 reddet
1628 3595 1784 3672 tibi;
1830 3596 1922 3657 mi
1953 3595 2108 3658 satis
2136 3602 2254 3673 est,
2288 3595 2340 3657 si

714 3710 1048 3775 Traditum
1079 3709 1157 3772 ab
1190 3710 1468 3792 antiquis
1499 3730 1742 3773 morem
1774 3730 2022 3773 servare
2052 3717 2381 3791 tuamque,

713 3823 888 3885 Dum
922 3819 1200 3883 custodis
1231 3841 1397 3901 egeS,
1429 3821 1627 3882 vitam
1658 3820 2020 3903 famamque
2050 3821 2218 3883 tueri

713 3932 1112 3996 Incolumem
1144 3949 1401 4012 possum
1425 3954 1443 4006 ;
1490 3928 1682 3991 simul
1712 3949 1784 3991 ac
1814 3928 2135 3992 duraverit
2165 3936 2319 3992 aetas

713 4041 1013 4109 Membra
1042 4039 1454 4121 animumque
1485 4047 1692 4116 tuum,
1727 4039 1908 4102 nabis
1940 4038 2076 4102 sine
2106 4040 2361 4102 cortice.
2459 4041 2565 4104 Sic
2585 4062 2687 4104 me

995 4217 1076 4267 87.
1113 4219 1262 4276 imus,
1294 4215 1388 4278 (sp.
1416 4215 1475 4263 A.
1504 4215 1556 4262 P.
1583 4211 1705 4278 32)‚·
1745 4216 1880 4261 avet.
2016 4209 2096 4261 97.
2135 4213 2157 4258 P
2181 4215 2390 4271 puorost
