3025 4776
353 333 469 388 194

353 1821 447 1851 ven.
470 1810 512 1851 8.
533 1810 571 1850 1.
592 1811 628 1849 δ.
648 1812 686 1849 8.

539 1862 577 1901 2.
597 1862 634 1900 2.
658 1861 718 1901 18.

355 2287 432 2328 all.
456 2285 496 2327 S.
517 2288 555 2327 2.
576 2285 614 2326 4.
636 2285 700 2327 ⁷3.

354 2735 450 2777 An.
469 2734 511 2775 8.
532 2735 569 2775 1.
589 2736 627 2775 8.
648 2734 711 2775 11.

358 3258 456 3300 nie.
478 3257 521 3299 8.
541 3258 580 3299 2.
599 3258 637 3299 6.
657 3256 720 3298 79.

356 3702 470 3746 amb.
491 3702 542 3745 E.
563 3703 601 3743 1.
622 3704 659 3743 6.
679 3702 743 3743 28.

1192 328 1261 402 Q.
1306 328 1625 385 HORATI
1656 325 1945 384 FLACCI

784 495 975 561 Unde
1004 494 1166 558 mihi
1196 494 1475 579 lapidem
1495 496 1526 558 Ρ
1619 495 1949 562 Quorsum
1988 499 2087 557 est
2134 513 2294 577 opus
2316 493 2347 556 Ρ
2439 494 2633 558 Unde
2677 518 2777 560 sa-

1129 606 1326 689 gittas
1346 605 1377 669 Ρ

781 717 919 778 Aut
946 714 1184 778 insanit
1212 714 1407 778 homo
1437 720 1551 777 aut
1579 734 1799 778 versus
1827 713 2005 777 facit.
2095 712 2296 777 Ocius
2325 713 2478 796 hinc
2508 721 2574 778 te

780 827 873 889 Ni
901 826 1089 910 rapis,
1123 824 1383 889 accedes
1412 845 1607 909 opera
1635 846 1790 908 agro
1819 845 1991 889 nona
2021 823 2280 889 Sabino.

1675 1207 1879 1273 VIII.

783 1364 888 1428 Ur
918 1360 1254 1427 Nasidieni
1276 1359 1447 1443 juvit
1476 1366 1544 1423 te
1575 1379 1735 1423 cena
1763 1359 1934 1422 beati
1960 1358 1991 1421 Ρ

778 1474 957 1536 Nam
987 1471 1147 1535 mihi
1177 1470 1489 1556 quaerenti
1519 1469 1849 1534 convivam
1880 1468 2092 1532 dictus
2120 1468 2272 1533 here
2300 1469 2430 1534 illic

779 1586 881 1648 De
910 1584 1121 1647 medio
1150 1591 1370 1667 potare
1399 1583 1522 1647 die.
1616 1583 1745 1658 Sic,
1775 1589 1852 1646 ut
1882 1582 2043 1646 mihi
2072 1605 2430 1667 numquam

779 1695 864 1758 In
892 1695 1025 1758 vita
1052 1693 1247 1758 fuerit
1277 1693 1528 1758 melius.
1618 1693 1744 1772 Da,
1775 1693 1830 1756 si
1862 1715 2052 1777 grave
2081 1715 2214 1758 non
2244 1701 2362 1772 est,

782 1806 946 1871 Quae
974 1805 1183 1890 prima
1208 1804 1445 1867 iratum
1475 1813 1765 1869 ventrem
1796 1805 2138 1888 placaverit
2167 1826 2331 1868 esca.
2735 1806 2775 1864 5

779 1917 865 1979 In
892 1915 1116 1999 primis
1148 1915 1447 1978 Lucanus
1477 1936 1662 1999 aper:
1709 1916 1838 1979 leni
1865 1915 1991 1979 fuit
2020 1917 2265 1979 Austro

780 2029 1040 2110 Captus,
1070 2032 1148 2089 ut
1177 2025 1388 2089 aiebat
1417 2047 1592 2090 cenae
1620 2033 1841 2109 pater;
1888 2026 2057 2090 acria
2084 2027 2327 2090 circum

780 2127 1049 2220 Rapula‚
1084 2137 1371 2215 lactucae,
1402 2136 1667 2213 radices,
1701 2137 1914 2219 qualia
1941 2137 2181 2200 lassum

779 2249 1148 2313 Pervellunt
1176 2247 1600 2324 stomachum,
1632 2249 1809 2326 siser,
1841 2248 2020 2327 allec,
2052 2248 2276 2312 faecula
2303 2248 2457 2313 Coa.

784 2360 910 2423 His
937 2359 1051 2424 ubi
1081 2359 1351 2424 sublatis
1379 2380 1538 2443 puer
1568 2359 1695 2423 alte
1725 2359 1975 2423 cinctus
2006 2380 2302 2423 acernam
2695 2361 2778 2421 10

785 2474 1080 2556 Gausape
1109 2491 1429 2555 purpureo
1457 2492 1745 2534 mensam
1776 2470 2092 2554 pertersit,
2125 2479 2192 2534 et
2222 2471 2384 2534 alter

785 2582 1079 2664 Sublegit
1112 2581 1561 2664 quodcumque
1582 2582 1826 2664 jaceret
1855 2581 2083 2645 inutile
2114 2580 2410 2663 quodque

782 2695 1008 2758 Posset
1036 2701 1335 2757 cenantes
1363 2692 1685 2757 offendere
1708 2717 1726 2769 ς
1771 2700 1848 2755 ut
1877 2692 2100 2756 Attica
2126 2694 2307 2775 virgo

783 2806 951 2867 Cum
980 2803 1172 2867 sacris
1202 2804 1451 2867 Cereris
1481 2803 1768 2887 procedit
1796 2803 2012 2866 fuscus
2043 2802 2383 2887 Hydaspes

784 2914 1060 2980 Caecuba
1086 2915 1235 2977 vina
1261 2914 1492 2993 ferens,
1525 2914 1734 2978 Alcon
1764 2914 2001 2977 Chium
2030 2914 2224 2977 maris
2253 2934 2493 2997 expers.
2695 2918 2777 2977 15

785 3026 915 3089 Hic
946 3047 1131 3090 erus:
1176 3025 1525 3102 Albanum,
1561 3027 1904 3102 Maecenas,
1936 3024 2067 3088 sive
2098 3025 2441 3088 Falernum

782 3139 874 3201 Te
903 3136 1107 3219 magis
1136 3137 1443 3219 appositis
1472 3136 1747 3199 delectat
1772 3160 1786 3199 :
1834 3134 2144 3199 habemus
2171 3143 2538 3218 utrumque.

783 3248 1057 3311 Divitias
1086 3248 1349 3310 miseras
1374 3247 1388 3310 l
1484 3246 1614 3309 Sed
1644 3246 1786 3328 quis
1815 3246 2193 3309 cenantibus
2223 3268 2372 3324 una,

785 3358 1097 3435 Fundani,
1130 3358 1394 3441 pulchre
1422 3357 1618 3421 fuerit
1647 3356 1789 3433 tibi,
1822 3378 2011 3420 nosse
2039 3357 2278 3421 labore.

786 3471 1091 3532 Summus
1120 3489 1238 3550 ego
1267 3474 1334 3531 et
1361 3487 1557 3550 prope
1587 3488 1691 3530 me
1719 3467 1953 3529 Viscus
1980 3466 2306 3529 Thurinus
2337 3473 2403 3530 ct
2434 3465 2616 3543 infra,
2693 3470 2782 3530 20

787 3579 859 3643 Si
890 3577 1175 3656 memini,
1208 3578 1468 3655 Varius,
1501 3598 1649 3640 cum
1684 3576 1951 3640 Servilio
1980 3576 2324 3641 Balatrone

784 3690 1107 3767 Vibidius,
1140 3709 1298 3771 quas
1328 3688 1655 3753 Maecenas
1685 3687 2035 3751 adduxerat
2062 3687 2345 3751 umbras.

784 3804 1238 3866 Nomentanus
1268 3806 1406 3863 erat
1434 3820 1625 3881 super
1653 3799 1885 3882 ipsum,
1919 3799 2187 3863 Porcius
2215 3798 2402 3877 infra,

787 3912 1122 3977 Ridiculus
1150 3917 1320 3973 totas
1350 3910 1546 3972 semel
1575 3909 1916 3974 obsorbere
1946 3911 2287 3993 placentas.

784 4024 1237 4087 Nomentanus
1265 4019 1346 4082 ad
1375 4019 1518 4097 hoc,
1552 4020 1663 4103 qui
1692 4021 1745 4084 si
1776 4021 1930 4104 quid
1958 4020 2125 4085 forte
2153 4021 2403 4098 lateret,
2696 4022 2781 4082 25

787 4134 1011 4200 Indice
1040 4138 1425 4195 monstraret
1455 4130 1658 4213 digito
1684 4157 1698 4194 ε
1745 4153 1898 4194 nam
1931 4140 2145 4196 cetera
2171 4130 2382 4208 turba,

788 4287 901 4338 116.
937 4286 960 4335 Ρ
986 4284 1304 4346 quorsumst.
1437 4283 1486 4331 1.
1521 4288 1580 4331 ut
1606 4285 1968 4398 t5234Nasidielui.
2104 4284 2181 4332 16.
2218 4284 2391 4331 horus.
2526 4283 2607 4329 22.
2634 4297 2784 4342 quos.

1702 4391 1710 4400 .
1752 4367 1919 4398 sunu.
