3025 4776
1018 280 1491 338 SATIRARUM
1550 282 1706 339 LIB.
1761 282 1849 340 II.
1896 301 1950 339 v.
2604 286 2710 341 183

430 446 568 511 Ten
597 442 837 531 lapides
866 444 1070 509 varios
1098 444 1418 507 lutulenta
1444 443 1665 508 radere
1692 445 1907 529 palma
2319 473 2409 520 un,
2429 471 2471 512 s.
2490 473 2528 512 2.
2547 473 2586 512 e.
2605 474 2670 512 63.

430 558 518 619 Et
547 554 769 640 Tyrias
798 554 949 618 dare
979 554 1220 618 circum
1252 553 1459 617 inluta
1486 554 1715 617 toralia
1742 562 1970 632 vestes,
2318 585 2696 628 m.5.2.e.1oe.

299 671 382 730 85
431 667 748 743 Oblitum,
779 672 1020 748 quanto
1051 685 1269 727 curam
1299 673 1755 748 sumptumque
1786 665 2098 728 minorem

434 777 596 840 Haec
623 775 926 852 habeant,
960 781 1144 838 tanto
1172 774 1551 857 reprehendi
1572 775 1811 858 justius
1838 775 1985 853 illis,

434 890 599 953 Quae
628 885 753 948 nisi
784 884 1088 949 divitibus
1115 891 1439 967 nequeant
1468 885 1836 968 contingere
1866 885 2102 948 mensis
2120 887 2150 948 ⁴?

431 997 640 1060 Docte
669 996 836 1073 Cati,
868 1016 984 1080 per
1012 995 1358 1059 amicitiam
1389 994 1693 1078 divosque
1722 1003 1982 1078 rogatus

432 1107 685 1169 Ducere
715 1126 819 1168 me
850 1105 1164 1182 auditum,
1194 1125 1418 1188 perges
1448 1126 1871 1188 quocumque,
1902 1111 2245 1169 memento.

300 1220 389 1280 90
435 1216 610 1279 Nam
641 1214 926 1297 quamvis
954 1213 1190 1278 referas
1221 1214 1488 1276 memori
1517 1213 1678 1276 mihi
1706 1221 1958 1297 pectore
1987 1223 2239 1291 cuncta,

432 1328 588 1389 Non
617 1334 836 1388 tamen
864 1325 1178 1408 interpres
1205 1324 1587 1388 tantundem
1610 1324 1872 1406 juveris.
1958 1324 2146 1389 Adde

432 1436 710 1498 Vultum
739 1434 1160 1518 habitumque
1188 1434 1490 1512 hominiS,
1516 1454 1706 1516 quem
1729 1441 1803 1497 tu
1823 1434 2052 1498 vidisse
2069 1434 2293 1498 beatus

431 1545 590 1608 Non
619 1545 836 1627 magni
864 1544 1111 1629 pendis,
1146 1544 1297 1627 quia
1325 1544 1631 1626 contigit,
1680 1551 1746 1607 at
1776 1543 1936 1606 mihi
1965 1565 2119 1607 cura

434 1656 591 1719 Non
619 1655 951 1719 mediocris
979 1656 1171 1733 inest,
1202 1654 1413 1718 fontes
1444 1662 1520 1717 ut
1549 1653 1726 1716 adire
1755 1661 2035 1717 remotos

305 1772 387 1831 95
434 1768 650 1849 Atque
677 1765 935 1830 haurire
965 1786 1195 1849 queam
1224 1765 1374 1828 vitae
1402 1770 1722 1848 praecepta
1749 1763 1974 1828 beatae.

1254 2147 1342 2211 V.

438 2271 586 2334 Hoc
620 2263 894 2353 quoque',
927 2268 1190 2348 Tiresia,
1221 2277 1452 2352 praeter
1477 2277 1735 2334 narrata
1762 2270 2006 2355 petenti

437 2380 796 2465 Responde,
830 2380 1060 2464 quibus
1092 2380 1354 2444 amissas
1382 2402 1673 2464 reparare
1705 2404 1933 2465 queam
1963 2404 2064 2447 res

436 2489 703 2553 Artibus
733 2498 924 2571 atque
954 2488 1181 2552 modis.
1273 2488 1449 2554 Quid
1477 2490 1644 2553 rides
1665 2492 1695 2553 Ρ
1744 2492 1785 2554 J
1789 2512 1977 2553 amne
2006 2491 2224 2555 doloso

435 2600 592 2664 Non
621 2600 775 2663 satis
806 2607 903 2663 est
932 2599 1226 2662 Ithacam
1255 2600 1469 2662 revehi
1502 2601 1863 2683 patriosque
1894 2610 2153 2684 penates

351 2713 389 2772 5
436 2698 826 2793 Adspicere?
920 2712 978 2774 Ο
1008 2710 1173 2773 nulli
1203 2711 1547 2793 quiequam
1579 2713 1867 2790 mentite,
1900 2712 2075 2776 vides
2110 2721 2181 2776 ut

437 2820 673 2883 Nudus
702 2821 1010 2904 inopsque
1041 2820 1306 2883 domum
1335 2821 1613 2899 redeam,
1646 2830 1710 2885 te
1738 2830 1904 2900 vate,
1937 2844 2143 2906 neque
2165 2823 2297 2887 illic

437 2934 575 2995 Aut
605 2931 912 3015 apotheca
939 2932 1144 3014 procis
1173 2931 1415 2995 intacta
1446 2942 1544 2996 est
1573 2941 1685 2996 aut
1714 2954 1904 3016 pecus
1931 2958 1943 2997 :
1994 2934 2171 3017 atqui

437 3041 525 3104 Et
556 3062 757 3124 genus
786 3048 852 3103 et
880 3041 1082 3103 virtus
1111 3041 1236 3103 nisi
1266 3062 1414 3104 cum
1444 3062 1511 3104 re
1541 3043 1724 3105 vilior
1753 3044 1895 3125 alga
1923 3052 2040 3108 est.
2323 3060 2362 3099 8·
2384 3057 2428 3146 δὲ
2445 3059 2484 3145 21-
2505 3059 2542 3147 ³1-
2563 3058 2628 3146 ⁹5⁵5

441 3151 717 3218 Quando
745 3151 1110 3236 pauperiem
1142 3151 1351 3214 missis
1381 3151 1753 3233 ambagibus
1781 3153 2018 3232 horres,
2325 3136 2624 3250 &gif-12
2631 3136 2709 3248 ’ἐξ

312 3264 396 3324 10
439 3261 675 3344 Accipe
705 3283 832 3344 qua
859 3261 1107 3324 ratione
1139 3281 1332 3344 queas
1362 3261 1688 3324 ditescere.
1779 3264 2028 3327 Turdus

443 3374 589 3436 Sive
620 3371 793 3435 aliud
822 3373 1074 3455 privum
1105 3371 1365 3435 dabitur
1393 3371 1537 3450 tibi,
1569 3372 1818 3436 devolet
1845 3374 2020 3451 illuc,

441 3484 570 3546 Res
599 3482 713 3546 ubi
742 3504 977 3565 magna
1003 3483 1171 3545 nitet
1201 3481 1461 3546 domino
1492 3504 1645 3547 sene
1667 3510 1687 3561 ς
1734 3482 1948 3546 dulcia
1974 3505 2164 3568 poma

442 3594 531 3656 Et
563 3613 997 3677 quoscumque
1026 3592 1188 3656 feret
1218 3593 1429 3656 cultus
1459 3593 1580 3657 tibi
1610 3593 1844 3657 fundus
1872 3593 2171 3677 honores,

440 3705 614 3767 Ante
645 3705 880 3767 Larem
911 3709 1128 3785 gustet
1156 3703 1577 3767 venerabilior
1606 3705 1771 3768 Lare
1801 3703 1974 3770 dives
1996 3731 2017 3784 3

318 3816 394 3876 15
445 3813 576 3879 Qui
607 3812 895 3896 quamvis
924 3812 1215 3897 perjurus
1245 3813 1385 3890 erit,
1419 3812 1557 3876 sine
1587 3821 1800 3896 gente,
1832 3823 2136 3880 cruentus

447 3925 772 4006 Sanguine
801 3923 1107 4001 fraterno,
1138 3923 1466 4006 fugitivus,
1497 3944 1581 3987 ne
1610 3931 1829 3988 tamen
1859 3926 1952 3989 illi

443 4036 543 4099 Tu
572 4054 787 4097 comes
820 4033 1114 4113 exterior,
1148 4034 1203 4097 si
1231 4035 1530 4119 postulet,
1562 4035 1656 4099 ire
1685 4057 1956 4100 recuses.

455 4145 634 4210 Utne
662 4153 878 4226 tegam
909 4166 1138 4229 spurco
1167 4145 1392 4210 Damae
1421 4144 1636 4209 latus?
1730 4146 1926 4209 Haud
1956 4147 2048 4211 ita
2076 4147 2281 4230 Trojae
2337 4168 2407 4210 ne,
2425 4156 2505 4208 ΕΡ·
2527 4155 2586 4195 1⁷·
2608 4155 2671 4194 ὕθ-

448 4285 527 4335 84.
562 4286 725 4335 illota.
855 4285 902 4337 7.
938 4285 1256 4337 ?intactast.
1456 4289 1506 4336 8.
1544 4286 1774 4349 mlgast.
1923 4287 2001 4336 18.
2036 4288 2182 4334 haut.
