3025 4776
398 250 509 305 122

378 1276 417 1316 ⁶.
439 1274 487 1317 0.
509 1275 547 1316 3.
569 1274 631 1316 18.
652 1275 714 1317 14.

377 3067 440 3096 aa.
462 3054 510 3098 C.
531 3056 568 3096 ³.
591 3053 654 3096 10.
675 3055 715 3096 8.

374 3480 447 3522 Πὸ.
467 3479 512 3521 S.
536 3481 574 3522 l.
595 3481 634 3521 4.
657 3479 745 3520 132.

376 3698 439 3737 28.
462 3694 510 3738 C.
530 3697 568 3735 2.
590 3696 628 3736 5.
648 3695 713 3736 24.

1239 249 1307 324 ρ.
1352 250 1671 308 HORATI
1702 251 1992 311 FLAcol

1751 545 1875 609 XI.

896 683 1127 763 Peru,
1160 683 1326 748 nihil
1356 706 1483 765 me,
1515 686 1682 750 sicut
1713 692 1922 764 antea,
1948 684 2133 768 juvat

988 794 1278 860 Scribere
1305 796 1648 860 versiculos
1677 817 1892 859 amore
1920 816 2290 879 percussum
2321 794 2519 879 gravi.

896 904 1157 984 Amore,
1192 906 1302 989 qui
1331 927 1437 971 me
1464 915 1700 991 praeter
1728 928 1952 972 omnes
1981 908 2223 991 expetit

984 1015 1297 1079 Mollibus
1327 1017 1396 1078 in
1424 1017 1641 1100 pueris
1674 1026 1787 1082 aut
1816 1018 1885 1081 in
1914 1018 2144 1102 puellis
2173 1037 2377 1080 urere.

896 1123 1029 1188 Hic
1057 1126 1288 1189 tertius
1320 1127 1698 1205 December,
1733 1149 1811 1191 ex
1843 1150 1971 1213 quo
2001 1128 2221 1193 destiti

980 1235 1249 1300 Inachia
1275 1236 1509 1316 furere,
1543 1238 1715 1302 silvis
1747 1238 2052 1304 honorem
2084 1238 2351 1303 decutit.

894 1346 1086 1411 Heu!
1136 1370 1263 1425 me,
1295 1370 1406 1432 per
1436 1349 1901 1413 urbem—nam
1930 1350 2131 1434 pudet
2159 1349 2328 1413 tanti
2356 1348 2598 1412 mali--

980 1459 1225 1522 Fabula
1255 1467 1495 1542 quanta
1524 1461 1619 1524 fui
1651 1462 1665 1524 1
1717 1462 2149 1526 conviviorum
2180 1471 2246 1526 et
2273 1462 2568 1545 poenitet,

891 1568 978 1633 In
1008 1569 1186 1652 queis
1216 1578 1543 1634 amantem
1573 1579 1639 1635 et
1669 1572 1941 1654 languor
1969 1579 2035 1635 et
2066 1571 2393 1636 silentium

983 1680 1242 1762 Arguit,
1274 1687 1341 1743 et
1371 1680 1571 1744 latere
1599 1682 1843 1763 petitus
1871 1681 2003 1743 imo
2032 1679 2315 1762 spiritus.

894 1789 1222 1853 Contrane
1254 1790 1503 1853 lucrum
1534 1790 1627 1851 nil
1655 1790 1864 1853 valere
1894 1789 2240 1852 candidum

981 1898 1289 1982 Pauperis
1317 1899 1652 1982 ingenium
1670 1899 1701 1961 ?
1746 1898 2054 1983 querebar
2083 1899 2417 1984 applorans
2445 1897 2590 1977 tibi,

894 2009 1104 2073 Simul
1133 2010 1397 2073 calentis
1425 2009 1893 2074 inverecundus
1921 2009 2077 2073 deus

981 2120 1340 2186 Fervidiore
1367 2142 1548 2185 mero
1579 2142 1809 2186 arcana
1835 2129 2160 2204 promorat
2188 2123 2348 2187 loco.

898 2231 1094 2298 Quod
1123 2231 1177 2295 si
1204 2231 1366 2295 meis
1395 2230 1695 2296 inaestuet
1724 2232 2089 2315 praecordiis

982 2342 1219 2408 Libera
1245 2341 1416 2422 bilis,
1447 2350 1524 2408 ut
1552 2343 1693 2408 haec
1721 2343 1976 2427 ingrata
2005 2344 2211 2408 ventis
2242 2343 2483 2409 dividat

897 2455 1232 2533 Fomenta,
1262 2455 1495 2518 vulnus
1523 2455 1616 2517 nil
1645 2456 1892 2518 malum
1918 2456 2218 2538 levantia,

981 2565 1253 2631 Desinet
1280 2566 1635 2651 imparibus
1664 2574 1907 2631 certare
1936 2576 2297 2632 summotus
2324 2567 2549 2651 pudor.

898 2677 1034 2742 Ubi
1062 2677 1201 2742 haec
1231 2698 1483 2742 severus
1511 2685 1578 2741 te
1607 2678 1821 2762 palam
1849 2678 2278 2757 laudaveram,

983 2792 1023 2853 J
1027 2811 1212 2852 ussus
1242 2788 1418 2853 abire
1448 2789 1735 2868 domum,
1767 2790 2016 2854 ferebar
2043 2791 2289 2855 incerto
2317 2789 2478 2874 pede

892 2899 1001 2964 Ad
1028 2920 1161 2963 non
1190 2899 1428 2963 amicos
1455 2899 1625 2964 heu!
1676 2900 1836 2962 mihi
1863 2909 2100 2984 postes,
2132 2910 2199 2965 et
2225 2901 2394 2965 heu!

980 3010 1239 3074 Limina
1268 3009 1445 3089 dura,
1480 3010 1712 3093 quibus
1742 3010 1994 3074 lumbos
2024 3018 2090 3074 et
2118 3010 2351 3094 infregi
2379 3012 2570 3077 latua.

891 3121 1113 3199 Nunc,
1147 3121 1478 3205 gloriantis
1509 3121 1862 3205 quamlibet
1889 3122 2335 3186 mulierculam

977 3231 1255 3296 Vincere
1283 3233 1576 3311 mollitie,
1608 3253 1786 3296 amor
1815 3232 2065 3317 Lycisci
2099 3256 2205 3299 me
2234 3242 2413 3299 tenet
2439 3260 2455 3299 ε

893 3343 1086 3407 Unde
1116 3344 1411 3428 expedire
1439 3366 1573 3409 non
1602 3345 1951 3408 amicorum
1983 3353 2223 3429 queant

978 3452 1211 3518 Libera
1241 3456 1524 3534 consilia,
1556 3476 1673 3519 nec
1703 3457 2107 3521 contumeliae
2138 3479 2358 3541 graves
2379 3484 2400 3537 ς

894 3563 1022 3628 Sed
1052 3565 1214 3628 alius
1245 3565 1431 3629 ardor
1460 3573 1574 3629 aut
1601 3567 1830 3650 puellae
1859 3567 2170 3647 candidae,

977 3679 1116 3741 Aut
1145 3678 1364 3740 teretis
1392 3678 1594 3760 pueri,
1627 3679 1883 3762 longam
1913 3680 2282 3744 renodantis
2312 3702 2581 3746 comam.

1006 3837 1055 3887 1.
1090 3837 1251 3887 Pecti.
1386 3842 1433 3888 2.
1458 3840 1775 3901 perculsum.

1910 3843 1991 3891 24.
2028 3843 2263 3905 mollitia,
2294 3843 2372 3909 (S.
2395 3847 2444 3894 2.
2467 3848 2516 3894 2.
2540 3843 2646 3907 27.)

2727 1681 2811 1741 10

2729 2237 2809 2297 15

2724 2794 2810 2857 20

2627 3354 2807 3434 ,25
