3025 4776
952 295 1522 354 EPISTOLARUM
1581 296 1737 353 LIB.
1793 298 1850 355 Ι.
1896 317 1989 356 xv.
2576 299 2688 353 219

260 463 344 525 10
388 459 752 526 Mutandus
780 459 959 524 locus'
988 468 1086 525 est
1115 468 1182 524 et
1211 459 1570 526 deversoria
1596 469 1754 526 nota

385 569 917 654 Praeteragendus
935 592 1156 654 equus.
1207 573 1354 638 Quo
1372 572 1583 635 tendis
1603 574 1633 634 ’ἓ
1679 573 1833 636 Νο11
1851 572 2011 635 mihi
2022 572 2259 636 Cumas

380 685 502 748 Est
531 683 657 746 iter
686 690 800 747 aut
828 683 1041 763 Baias,
1074 684 1232 748 laeva
1260 683 1700 748 stomachosus
1728 685 1981 748 habena

383 795 575 859 Dicet
605 815 799 877 eques
821 820 840 872 3
888 793 1001 858 sed
1030 795 1175 877 equi
1206 795 1456 858 frenato
1486 803 1584 858 est
1615 796 1792 859 auris
1817 797 1886 858 in
1917 798 2073 879 ore.)

383 905 605 988 Major
638 913 853 968 utrum
883 905 1191 989 populum
1221 905 1529 969 frumenti
1560 907 1742 991 copia
1769 915 2007 990 pascat,

257 1022 340 1082 15
388 1017 786 1080 Collectosne
817 1017 1041 1080 bibant
1070 1016 1308 1080 imbres
1338 1025 1647 1099 puteosne
1687 1039 1997 1101 perennes

388 1129 430 1191 J
434 1126 575 1210 ugis
606 1148 786 1210 aquae
806 1152 827 1204 3
883 1127 1056 1207 (nam
1086 1125 1233 1188 vina
1261 1125 1422 1188 nihil
1452 1147 1666 1191 moror
1695 1126 1866 1189 illius
1908 1149 2039 1191 orae
2066 1152 2080 1191 :

387 1241 564 1304 Rure
594 1260 737 1302 meo
766 1259 1025 1322 possum
1057 1237 1307 1320 quidvis
1337 1238 1614 1321 perferre
1643 1239 1902 1322 patique
1923 1265 1943 1317 3
2286 1263 2441 1305 vespa.
2458 1253 2685 1319 11111171

389 1350 496 1413 Ad
524 1370 701 1412 mare
731 1370 879 1411 cum
908 1348 1073 1425 veni,
1108 1368 1488 1430 generosum
1521 1354 1587 1410 et
1612 1349 1755 1412 leue
1785 1349 2061 1431 requiro,
2438 1304 2471 1344 c
2489 1306 2667 1344 aaa

393 1458 586 1525 Quod
617 1479 801 1522 curas
833 1458 1068 1540 abigat,
1102 1458 1273 1540 quod
1303 1479 1450 1520 cum
1482 1480 1592 1541 spe
1622 1458 1815 1522 divite
1845 1466 2065 1523 manet

260 1573 349 1634 20
392 1571 477 1634 Iu
506 1590 696 1632 venas
727 1568 1139 1652 animumque
1171 1590 1412 1647 meum,
1446 1568 1617 1651 quod
1647 1570 1837 1633 verba
1868 1570 2211 1647 ministret,

392 1680 583 1747 Quod
613 1701 717 1743 me
749 1678 1026 1743 Lucanae
1050 1682 1353 1764 juvenem
1385 1680 1794 1744 commendet
1824 1681 2059 1744 amica}
2065 1681 2112 1764 3)

391 1794 660 1857 Tractus
687 1799 835 1855 uter
863 1792 1043 1876 plure
1074 1791 1339 1875 lepores,
1373 1800 1518 1855 uter
1547 1792 1776 1855 educet
1807 1814 2012 1876 apros,
2289 1827 2386 1867 apr.
2409 1815 2450 1857 S.
2470 1817 2507 1856 2.
2528 1817 2566 1856 s.
2594 1817 2634 1857 e.

392 1906 563 1970 Utra
591 1903 794 1987 magis
826 1903 1028 1987 pisces
1059 1910 1125 1966 et
1154 1903 1413 1967 echinos
1444 1925 1698 1986 aequora
1727 1903 1955 1983 celent,
2287 1932 2377 1974 m.
2401 1933 2480 1982 Ep,
2501 1934 2538 1972 5,
2559 1931 2624 1972 2¹7.

395 2015 662 2098 Pinguis
692 2023 768 2078 ut
796 2012 945 2077 inde
977 2013 1241 2076 domum
1270 2013 1507 2096 possim
1544 2014 1895 2097 Phaeaxque
1925 2013 2177 2093 reverti,
2289 1985 2489 2075 Phaeffi}
2506 1985 2549 2073 14
2561 1984 2687 2074 3³2⁸.

268 2131 350 2194 25
400 2127 690 2191 Scribere
719 2133 785 2188 te
813 2124 1021 2202 nobiS,
1052 2123 1172 2188 tibi
1201 2145 1319 2186 nos
1350 2125 1679 2189 accredere
1709 2147 1824 2208 par
1853 2133 1971 2189 est.

398 2239 702 2317 Maeuius,
735 2244 810 2301 ut
838 2236 1027 2300 rebus
1057 2236 1363 2298 maternis
1393 2243 1585 2318 atque
1614 2236 1894 2319 paternis
1972 2228 1983 2239 ’

395 2350 678 2414 Fortiter
708 2345 1060 2431 absumptis
1090 2345 1374 2410 urbanus
1404 2346 1599 2429 coepit
1627 2345 1872 2425 haberi,

402 2464 636 2526 Scurra
664 2479 881 2561 vaguS,
911 2479 1041 2522 nou
1073 2457 1182 2540 qui
1212 2464 1458 2520 certum
1489 2478 1769 2540 praesepe
1799 2465 2066 2536 teneret,
2343 2512 2379 2572 r.
2402 2478 2445 2569 ἓ.
2465 2479 2502 2567 ²5
2523 2478 2561 2569 ⁷⁷·
2584 2478 2646 2569 1750.

402 2575 776 2655 Impransus
805 2590 936 2632 non
969 2569 1079 2651 qui
1109 2568 1313 2631 civem
1344 2568 1700 2631 dinosceret
1727 2567 1933 2646 hoste,

271 2674 360 2747 30
406 2681 728 2748 Quaelibet
757 2680 827 2743 in
858 2679 1142 2762 quemvis
1172 2678 1511 2762 opprobria
1539 2679 1776 2761 fingere
1807 2700 2029 2756 saevus,

405 2791 726 2858 Pernicies
757 2797 823 2854 et
852 2798 1199 2872 tempestas
1230 2788 1730 2873 barathrumque
1760 2790 2030 2868 macelli,

409 2902 739 2986 Quidquid
771 2901 1128 2985 quaesierat,
1159 2901 1368 2965 ventri
1397 2900 1678 2965 donabat
1709 2921 1921 2964 avaro.

410 3016 559 3095 Hic,
593 3016 704 3078 ubi
733 3013 1035 3097 nequitiae
1063 3013 1421 3077 fautoribus
1450 3021 1517 3076 et
1545 3012 1789 3076 timidis
1832 3013 1926 3076 nil

407 3129 546 3191 Aut
573 3127 838 3210 paulum
868 3124 1241 3203 abstulerat,
1271 3124 1523 3208 patinas
1555 3123 1823 3188 cenabat
1852 3124 2078 3203 omasi,

275 3242 362 3304 35
410 3238 574 3301 Vilis
603 3246 670 3302 et
699 3236 973 3320 agniuae,
1004 3236 1209 3299 tribus
1240 3235 1403 3298 ursis
1433 3235 1605 3318 quod
1636 3236 1790 3299 satis
1820 3245 1988 3299 esset
2013 3261 2034 3314 3

415 3350 673 3413 Scilicet
702 3356 778 3412 ut
806 3354 1058 3411 ventres
1087 3348 1306 3411 lamna
1335 3347 1649 3410 candente
1677 3355 1988 3430 nepotum

411 3461 673 3524 Diceret
703 3457 997 3535 urendos,
1029 3466 1347 3522 corrector
1375 3458 1656 3524 Bestius.
1744 3458 1934 3524 Idem

416 3570 746 3654 Quidquid
777 3578 914 3633 erat
942 3577 1169 3632 nactus
1197 3568 1426 3652 praedae
1455 3570 1734 3653 majoris,
1767 3570 1876 3634 ubi
1916 3591 2107 3633 omne

412 3686 683 3748 Veterat
712 3683 782 3745 in
810 3682 1062 3745 fumum
1091 3688 1157 3744 et
1188 3681 1489 3758 cinerem,
1520 3680 1677 3744 Non
1705 3680 1964 3745 hercule
1993 3682 2214 3760 miror,

279 3800 372 3861 40
414 3795 672 3872 Aiebat,
705 3793 759 3857 si
789 3792 898 3876 qui
928 3792 1271 3856 comedunt
1300 3791 1490 3869 bona,
1523 3812 1671 3854 cum
1702 3793 1787 3855 sit
1829 3792 2023 3858 obeso
2309 3832 2415 3863 eom.
2437 3818 2478 3859 s,
2499 3818 2536 3859 1.
2555 3820 2594 3859 2.
2613 3819 2652 3858 s.

415 3906 536 3971 Nil
568 3905 794 3968 melius
826 3903 1035 3981 turd0,
1066 3902 1160 3965 nil
1189 3902 1370 3964 volva
1399 3902 1726 3984 pulchrius
1758 3903 1985 3986 ampla.

416 4016 745 4080 Nimirum
775 4014 882 4076 hic
912 4034 1031 4096 ego
1061 4034 1202 4075 sum
1228 4039 1246 4089 3
1294 4034 1443 4073 nam
1473 4020 1619 4075 tuta
1647 4020 1712 4076 et
1741 4014 2001 4096 parvula
2027 4013 2238 4093 laud0,

421 4128 589 4191 Cum
619 4145 722 4187 res
754 4123 1082 4201 deficiunt,
1115 4123 1268 4186 satis
1297 4123 1465 4186 iuter
1493 4123 1641 4186 vilia
1668 4123 1851 4187 fortis
1872 4150 1892 4202 3

369 4268 451 4316 10.
487 4264 790 4313 diversoria.
930 4265 1009 4311 13.
1045 4263 1228 4323 equis3
1266 4261 1588 4310 ?srenatost.
1738 4265 1819 4313 29.
1854 4264 2197 4326 dignosceret.

885 4329 965 4378 37.
1003 4334 1284 4377 correctus.
1420 4330 1502 4375 41.
1542 4329 1704 4376 vulva.
