3025 4776
964 312 1534 370 EPISTOLARUM
1593 312 1750 371 LIB.
1805 314 1896 372 ΙΙ.
1941 313 1980 371 ἰ.
2578 321 2690 374 235

442 475 736 561 Pupillo,·
783 474 940 539 vivit
969 476 1217 559 siliquis
1245 482 1314 539 et
1343 497 1507 560 pane
1536 477 1817 541 secundo
1839 502 1859 555 ς

442 587 702 652 Militiae
732 607 1120 670 quamquam
1150 587 1331 670 piger
1360 594 1427 651 et
1456 588 1684 665 malus,
1715 588 1894 650 utilis
1923 587 2089 666 urbi,

271 702 397 763 125
445 699 517 762 Si
545 697 658 762 das
686 697 831 775 hoc,
862 697 1072 781 parvis
1103 718 1355 779 quoque
1383 697 1575 762 rebus
1605 719 1841 780 magna
1863 698 2096 781 juvari.

447 811 540 874 Os
570 816 865 872 tenerum
895 808 1074 891 pueri
1103 806 1492 890 balbumque
1523 812 1718 891 poeta
1743 809 2000 891 figurat,

443 917 726 1001 Torquet
756 918 835 981 ab
867 917 1158 982 obscenis
1180 917 1320 1000 jam
1348 939 1523 982 nunc
1553 919 1953 982 sermonibus
1983 939 2224 997 aurem,

436 1013 606 1092 'Mox
635 1027 832 1106 etiam
860 1036 1084 1111 pectus
1113 1028 1446 1111 praeceptis
1473 1028 1713 1091 format
1743 1029 1984 1108 amicis,
2299 1043 2640 1086 128.A.P.404.

443 1140 829 1223 Asperitatis
859 1147 926 1203 et
958 1138 1213 1203 invidiae
1243 1147 1561 1203 corrector
1589 1148 1655 1202 et
1683 1140 1833 1217 irae3

274 1259 403 1321 130
448 1257 650 1321 Recte
679 1255 851 1319 facta
876 1255 1096 1334 refert,
1128 1255 1399 1318 orientia
1429 1262 1718 1338 tempora
1744 1254 1917 1317 notis

446 1366 724 1431 Instruit
752 1366 1078 1449 exemplis,
1109 1366 1363 1449 inopem
1393 1367 1637 1429 solatur
1664 1374 1731 1429 et
1760 1386 2023 1448 aegrum.

448 1478 660 1542 Castis
688 1498 836 1540 cum
867 1477 1080 1559 pueris
1111 1475 1336 1559 ignara
1365 1476 1577 1559 puella
1604 1475 1823 1539 mariti

364 1627 376 1640 ·
448 1589 739 1653 Disceret
766 1587 939 1662 unde
966 1608 1203 1671 preces,
1236 1594 1449 1650 vatem
1478 1587 1548 1649 ni
1579 1587 1775 1649 Musa
1804 1585 2129 1650 dedisset?

451 1697 665 1764 Poscit
695 1718 881 1780 opem
911 1695 1145 1760 chorus
1174 1702 1240 1760 et
1270 1695 1606 1779 praesentia
1637 1696 1908 1760 numina
1934 1696 2150 1775 sentit,
2288 1725 2401 1765 prae.
2424 1714 2471 1755 c.
2492 1714 2529 1755 1.
2550 1715 2611 1755 ³⁵.
2631 1715 2670 1756 2.

282 1809 401 1872 135
450 1807 749 1873 Caelestes
777 1805 1079 1888 implorat
1111 1824 1309 1886 aquas
1338 1804 1529 1868 docta
1560 1825 1744 1886 prece
1775 1804 2065 1883 blanduS,

448 1916 703 1980 Avertit
730 1915 1007 1994 morbos,
1041 1915 1387 1979 metuenda
1414 1916 1693 1999 pericula
1722 1916 1923 1999 pellit,

450 2027 766 2109 Impetrat
795 2033 861 2089 et
889 2045 1111 2108 pacem
1141 2032 1207 2089 et
1235 2025 1619 2108 locupletem
1649 2025 1945 2108 frugibus
1977 2047 2240 2091 annum.

450 2137 749 2203 Carmine
780 2136 847 2198 di
876 2135 1089 2219 superi
1119 2136 1473 2219 placantur,
1506 2136 1788 2200 carmine
1819 2135 2070 2202 Manes.

449 2247 768 2330 Agricolae
796 2247 1009 2330 prisci,
1042 2245 1240 2310 fortes
1269 2267 1587 2330 parvoque
1618 2246 1809 2324 beati,
2301 2271 2388 2310 1³9·
2410 2258 2452 2299 S·
2471 2261 2509 2300 2·
2529 2259 2568 2300 2·
2589 2258 2676 2300 10⁵-

285 2361 410 2422 140
453 2356 731 2422 Condita
757 2364 902 2441 post
933 2356 1255 2421 frumenta
1282 2357 1566 2421 levantes
1594 2363 1881 2440 tempore
1909 2355 2074 2421 festo

452 2471 696 2553 Corpus
725 2475 792 2533 et
820 2469 1030 2552 ipsum
1061 2468 1348 2530 animum
1379 2489 1489 2551 spe
1521 2468 1667 2530 finis
1697 2467 1856 2530 dura
1882 2466 2214 2546 ferentem,

450 2581 616 2644 Cum
648 2580 832 2643 sociis
860 2600 1147 2662 operum,
1177 2578 1391 2661 pueris
1421 2586 1487 2642 et
1518 2578 1792 2662 conjuge
1821 2578 1971 2658 fida,

449 2691 769 2755 Tellurem
799 2711 1014 2774 poree,
1051 2691 1384 2754 Silvanum
1414 2690 1581 2754 lacte
1609 2691 1897 2774 piabant,
2025 2773 2034 2780 ὓ
2133 2698 2140 2703 “
2301 2705 2383 2748 εει.
2405 2705 2486 2757 Ep.
2507 2708 2544 2747 2.
2565 2707 2628 2746 22.

452 2802 746 2866 Floribus
776 2809 842 2865 et
871 2801 1018 2865 vino
1051 2802 1335 2865 Genium
1364 2822 1715 2866 memorem
1745 2801 1955 2866 brevis
1984 2801 2122 2866 aevi.
2306 2823 2414 2864 een.
2435 2823 2486 2863 E.
2505 2823 2543 2863 2.
2557 2823 2698 2864 21⁸7.

284 2917 406 2977 145
453 2912 849 2976 Fescennina
876 2933 989 2995 per
1019 2912 1192 2976 hunc
1221 2911 1484 2975 inventa
1511 2912 1769 2976 licentia
1799 2933 2043 2976 morem

451 3024 763 3088 Versibus
793 3022 1055 3086 alternis
1084 3022 1420 3106 opprobria
1447 3024 1688 3086 rustica
1715 3022 1906 3102 fudit,

451 3133 873 3215 Libertasque
903 3139 1303 3196 recurrentes
1333 3141 1594 3217 accepta
1622 3155 1735 3217 per
1765 3155 1966 3198 annos

454 3245 643 3308 Lusit
672 3244 1052 3322 amabiliter,
1089 3244 1290 3308 donec
1312 3245 1450 3328 jam
1481 3267 1685 3309 saevus
1714 3253 2000 3328 apertam

453 3354 537 3417 In
565 3354 808 3419 rabiem
841 3354 1034 3437 coepit
1063 3355 1227 3417 verti
1249 3356 1435 3438 jocus
1465 3364 1533 3418 et
1562 3376 1674 3438 per
1703 3355 2001 3419 honestas

286 3467 412 3528 150
456 3466 564 3528 Ire
595 3465 816 3528 domos
845 3465 1108 3547 impune
1138 3465 1380 3530 minax.
1470 3466 1751 3529 Doluere
1781 3474 2047 3530 cruento

457 3575 670 3638 Dente
700 3574 978 3637 lacessiti
1001 3600 1021 3652 ς
1066 3574 1195 3638 fuit
1223 3575 1484 3639 intactis
1515 3597 1767 3659 quoque
1797 3597 1947 3639 cura
2305 3590 2385 3631 snt.
2408 3589 2507 3629 sa
2529 3589 2564 3629 1.
2585 3591 2651 3629 23.

456 3684 845 3750 Condicione
875 3706 1063 3769 super
1092 3687 1456 3765 commuui;
1505 3687 1663 3770 quin
1692 3686 1888 3750 etiam
1920 3685 2017 3750 lex
2307 3689 2659 3781 ²⁶²’{‘,²1'›.¹³zs⁸2².'

456 3800 783 3881 Poenaque
813 3798 962 3877 lata,
995 3801 1164 3863 malo
1195 3823 1336 3883 quae
1366 3802 1565 3864 nollet
1588 3800 1869 3864 carmine
1893 3821 2279 3883 quemquam

454 3912 748 3976 Describi
769 3939 790 3990 3
837 3921 1083 3979 vertere
1113 3915 1397 3993 modum,
1429 3915 1776 3979 formidine
1802 3915 1991 3979 fustis

282 4023 408 4084 155
455 4021 561 4084 Ad
589 4021 751 4085 bene
782 4020 1123 4087 dicendum
1153 4024 1726 4107 delectandumque
1756 4025 2017 4089 redacti.
2083 4052 2214 4111 „s

459 4133 712 4197 Graecia
741 4139 927 4216 capta
957 4135 1162 4198 ferum
1194 4134 1498 4198 victorem
1531 4136 1700 4219 cepit
1729 4144 1797 4199 et
1827 4142 2050 4286 artesx

1078 4295 1188 4342 124.
1224 4293 1339 4341 urbi
1361 4296 1458 4343 est.
