3025 4776
441 340 557 393 216

448 1406 541 1448 see.
564 1407 605 1446 S.
626 1407 663 1446 2.
685 1408 724 1446 3.
744 1406 809 1445 33.

451 1608 536 1646 ute.
562 1605 609 1644 Β.
632 1605 667 1644 1.
691 1605 749 1644 17.
772 1606 810 1644 2.

454 1657 559 1696 (ἕνα.
582 1656 628 1695 C.
650 1658 688 1695 2.
714 1655 774 1695 la.

450 1742 539 1792 des.
562 1743 610 1782 C.
631 1744 669 1782 2.
689 1744 728 1783 2.
747 1743 811 1782 22.

455 2070 566 2110 Can.
588 2069 636 2107 C
657 2070 694 2108 2.
715 2070 753 2108 6.
775 2069 813 2107 2.

456 2184 561 2226 Phr.
582 2186 629 2224 C.
651 2187 687 2225 2.
709 2187 746 2223 2.
771 2185 830 2224 17.

452 2412 515 2449 29.
539 2399 586 2439 c,
617 2399 653 2439 1.
677 2398 736 2437 17.
761 2398 820 2437 ιο.

457 3194 495 3230 ³·
519 3180 558 3218 Β.
581 3181 615 3217 2.
642 3180 674 3218 l.
703 3179 757 3217 18.

522 3231 570 3270 E.
595 3232 630 3270 2.
657 3231 691 3269 1.
712 3231 799 3269 ul.

445 3850 548 3899 sab.
572 3848 651 3898 Ep.
669 3849 703 3889 1.
727 3849 762 3889 1.
786 3851 824 3889 8.

1244 336 1307 409 ρ.
1354 337 1671 395 HORATJ
1703 334 1993 393 FLACCI

871 499 1215 581 Miramur,
1246 502 1301 564 si
1330 501 1686 565 Democriti
1716 523 1910 585 pecus
1941 500 2073 565 edit
2106 497 2342 583 agellos

870 611 1209 695 Cultaque,
1244 611 1396 675 dum
1430 633 1690 696 peregre
1721 621 1818 676 est
1848 612 2101 675 animus
2131 612 2269 674 sine
2300 631 2564 695 corpore
2594 612 2773 676 velox
2795 637 2816 690 ς

872 723 1038 785 Cum
1069 734 1145 785 tu
1173 722 1343 808 inter
1371 723 1646 786 scabiem
1680 730 1930 786 tantam
1960 730 2027 786 et
2057 722 2355 805 contagia
2384 721 2545 785 lucri

870 834 984 897 Nil
1017 855 1279 917 parvum
1311 835 1518 918 sapias
1548 844 1614 898 et
1644 834 1851 898 adhuc
1882 833 2183 896 sublimia
2212 854 2395 897 cures
2422 857 2436 896 z
2793 835 2878 895 15

872 945 1035 1009 Qum.
1068 966 1240 1008 mare
1270 952 1676 1028 compescant
1707 966 1935 1024 causae,
1970 944 2124 1027 quid
2154 951 2467 1028 temperet
2497 964 2763 1020 annum,

875 1055 1093 1119 Stellae
1122 1064 1347 1139 sponte
1379 1078 1514 1134 sua,
1542 1056 1822 1139 jussaene
1852 1064 2163 1139 vagentur
2192 1064 2258 1120 et
2288 1061 2524 1132 errent,

873 1165 1047 1229 Quid
1078 1173 1329 1249 premat
1358 1166 1703 1229 obscurum
1733 1166 1922 1242 lunae,
1958 1166 2112 1249 quid
2143 1166 2422 1249 proferat
2452 1164 2695 1242 orbem,

874 1277 1050 1342 Quid
1079 1277 1231 1339 velit
1261 1286 1327 1340 et
1356 1277 1558 1361 possit
1588 1298 1804 1341 rerum
1834 1277 2174 1341 concordia
2202 1277 2465 1355 discors,

871 1386 1307 1470 Empedoclea,
1342 1408 1425 1450 an
1458 1388 1840 1452 Stertinium
1872 1388 2098 1451 deliret
2129 1409 2418 1450 acumen.
2789 1389 2881 1448 20

873 1499 1138 1575 Verum,
1174 1519 1284 1560 seu
1315 1498 1518 1582 pisces
1549 1520 1662 1561 seu
1695 1519 1955 1581 porrum
1986 1505 2051 1562 et
2082 1519 2250 1580 caepe
2282 1496 2581 1574 trucidas,

876 1610 1077 1672 Utere
1110 1608 1413 1691 Pompeio
1446 1607 1744 1691 Grospho
1774 1615 1859 1685 et,
1893 1607 1946 1670 si
1977 1608 2129 1691 quid
2161 1614 2354 1690 petet,
2387 1607 2558 1670 ultro

877 1718 1108 1795 Defer3
1155 1718 1247 1780 nil
1279 1717 1610 1800 Grosphus
1640 1717 1765 1781 nisi
1797 1739 2016 1781 verum
2047 1717 2256 1780 orabit
2285 1724 2351 1780 et
2382 1738 2656 1798 aequum.

875 1829 1039 1891 Vilis
1070 1828 1420 1892 amicorum
1453 1837 1551 1892 cst
1581 1850 1855 1906 annona,
1889 1828 2072 1892 bonis
2104 1828 2214 1891 ubi
2245 1828 2396 1911 quid
2429 1827 2624 1891 deest.

874 1941 979 2002 Ne
1010 1947 1227 2003 tamen
1260 1940 1535 2022 ignores,
1568 1961 1694 2022 quo
1725 1939 1810 2002 sit
1845 1941 2137 2002 Romana
2164 1940 2305 2003 loco
2335 1961 2472 2003 res:
2790 1945 2880 2004 25

876 2050 1197 2114 Cantaber
1225 2050 1549 2133 Agrippae,
1585 2050 1815 2116 Claudi
1846 2051 2081 2114 virtute
2112 2051 2391 2114 Neronis

875 2163 1221 2226 Armenius
1251 2163 1520 2241 cecidit3
1559 2165 1670 2247 jus
1700 2163 2163 2246 imperiumque
2196 2163 2506 2227 Phraates

876 2276 1142 2339 Caesaris
1173 2276 1416 2358 accepit
1447 2275 1717 2358 genibus
1748 2275 1957 2339 minor
1978 2302 1996 2352 ς
2045 2298 2237 2340 aurea.
2263 2276 2480 2360 fruges

880 2387 1088 2450 Italiae
1117 2387 1306 2471 pleno
1336 2386 1630 2450 defundit
1659 2384 1864 2470 Copia
1895 2410 2115 2451 cornu.
2203 2466 2208 2467 γ

1772 2801 1974 2865 XIII.

886 2947 987 3011 Ur
1018 2946 1522 3030 proficiscentem
1555 2947 1743 3010 docui
1773 2956 1836 3011 te
1868 2970 2033 3031 saepe
2063 2948 2322 3031 diuque,

881 3060 1176 3139 Augusto
1206 3058 1432 3121 reddes
1462 3059 1713 3141 signata
1742 3059 2086 3136 volumina,
2119 3059 2297 3135 Vini,

885 3167 950 3227 Si
986 3166 1252 3258 validus,
1286 3167 1339 3229 si
1370 3168 1557 3230 lactus
1587 3168 1729 3245 erit,
1764 3169 1817 3230 si
1849 3170 2122 3252 denique
2155 3179 2369 3253 poscet
2393 3197 2411 3248 3

882 3277 1231 3341 Nes-studio
1263 3278 1464 3339 nostri
1497 3299 1716 3361 pecces
1747 3279 2094 3363 odiumque
2125 3281 2353 3344 libellis

884 3386 1156 3450 Sedulus
1185 3388 1489 3471 importes
1521 3409 1709 3470 opera
1739 3389 2117 3454 vehemente
2148 3392 2458 3456 minister.
2846 3402 2890 3461 5

885 3498 952 3561 Si
986 3506 1051 3561 te
1082 3498 1247 3561 forte
1278 3520 1437 3562 meae
1469 3499 1677 3581 gravis
1711 3509 1855 3563 uret
1885 3502 2133 3564 sarcina
2164 3503 2423 3582 chartae,

881 3609 1143 3674 Abicito
1173 3611 1410 3693 potius,
1444 3632 1635 3693 quam
1669 3634 1795 3694 quo
1826 3614 2102 3695 perferre
2125 3614 2374 3697 juberis

882 3720 1167 3783 Clitellas
1196 3720 1369 3783 ferus
1399 3721 1718 3805 impingas
1748 3724 2093 3808 Asinaeque
2125 3734 2463 3809 paternum

882 3832 1256 3913 Cognomen
1286 3839 1491 3895 vertas
1523 3832 1592 3894 in
1622 3833 1820 3896 risum
1853 3847 1918 3898 et
1948 3835 2167 3899 fabula
2195 3838 2330 3901 fias.

881 3942 1144 4005 Viribus
1174 3943 1372 4005 uteris
1406 3964 1518 4025 per
1547 3944 1761 4021 clivos,
1797 3945 2083 4020 flumina,
2116 3948 2315 4011 lamas
2338 3974 2357 4026 ς
2803 3957 2899 4018 10

882 4053 1108 4115 Victor
1137 4053 1439 4135 propositi
1471 4053 1663 4116 simul
1695 4077 1768 4117 ac
1798 4058 2156 4139 perveneris
2187 4059 2359 4137 illue,

885 4163 991 4227 Sic
1023 4162 1296 4245 positum
1333 4163 1610 4227 servabis
1642 4186 1825 4244 ouuS,
1861 4190 1941 4231 ne
1972 4169 2138 4232 forte
2168 4170 2288 4233 sub
2321 4173 2422 4233 ala

883 4327 961 4376 13.
1001 4328 1024 4375 Ρ
1050 4329 1334 4388 pcrcgrest.
1471 4328 1553 4373 24.
1593 4328 1990 4376 ?umicorumst.
2095 4330 2174 4376 229.
2213 4330 2428 4383 defudit.
2572 4332 2616 4382 7.
2655 4334 2901 4396 aldit-ito,
