3025 4776
372 269 378 275 ’
469 281 584 336 248
1267 280 1332 355 ρ.
1378 279 1697 340 ΗΟΜΤΙ
1726 279 2017 340 1⁷onoe

896 443 1172 528 Virgilio
1201 445 1528 529 Varioque
1550 446 1581 509 ?
1668 446 1810 529 Ego
1838 465 1975 524 cur,
2007 443 2332 528 acquirere
2360 465 2566 530 pauca
2811 450 2890 511 55

898 556 970 618 Si
997 577 1280 640 possum,
1308 556 1613 635 invideor,
1645 578 1794 621 cum
1822 557 2045 640 lingua
2074 556 2340 621 Catonis
2368 565 2434 620 et
2463 557 2638 620 Enni

902 668 1278 730 Sermonem
1306 668 1591 752 patrium
1621 667 1918 731 ditaverit
1946 674 2012 730 et
2042 687 2209 730 nova
2235 687 2454 729 rerum

901 775 1189 840 Nomina
1216 777 1555 860 protulerit
1576 778 1606 840 ?
1695 777 1914 841 Licuit
1943 797 2318 860 semperque
2346 776 2566 840 licebit

905 886 1245 969 Signatum
1276 894 1589 970 praesente
1617 895 1774 950 nota
1801 886 2149 970 producere
2177 907 2434 950 nomen.

902 996 1001 1061 Ut
1031 996 1204 1061 silvae
1231 996 1398 1060 foliis
1426 1018 1659 1081 pronos
1688 1006 2024 1061 mutantur
2052 997 2123 1060 in
2153 1018 2377 1075 annos,
2816 1001 2900 1061 60

901 1107 1122 1171 Prima
1149 1107 1430 1187 cadunt3
1474 1109 1571 1171 ita
1597 1109 1935 1172 verborum
1965 1115 2150 1172 vetus
2178 1108 2401 1171 interit
2430 1115 2609 1188 aetas,
2734 1160 2742 1168 .

900 1219 989 1281 Et
1011 1218 1325 1301 juvenum
1354 1218 1487 1282 ritu
1516 1219 1747 1282 florent
1775 1218 1968 1283 modo
1997 1226 2152 1282 nata
2180 1218 2543 1302 vigentque.

478 1351 842 1405 ⁶3.n.2.2.17⁹.
900 1328 1229 1393 Debemur
1256 1330 1448 1393 morti
1480 1350 1600 1393 nos
1629 1337 1980 1413 nostraque
1993 1355 2013 1408 3
2060 1329 2191 1393 sive
2220 1337 2517 1413 receptus

901 1444 1099 1506 Terra
1127 1443 1473 1525 Neptunus
1502 1442 1733 1506 classes
1763 1442 2169 1526 aquilonibus
2199 1450 2393 1519 arcet,

907 1553 1102 1636 Regis
1129 1574 1310 1636 opus,
1343 1553 1651 1616 sterilisve
1682 1552 1795 1617 diu
1822 1553 2005 1636 palus
2036 1561 2310 1637 aptaque
2339 1553 2532 1617 remis
2813 1557 2896 1619 65

905 1663 1171 1727 Vicinus
1199 1663 1393 1727 urbes
1422 1662 1538 1727 alit
1566 1671 1633 1727 et
1663 1684 1852 1746 grave
1879 1664 2076 1728 sentit
2106 1672 2416 1742 aratrum,

909 1774 1039 1837 Seu
1067 1795 1325 1837 cursum
1355 1774 1632 1838 mutavit
1658 1774 1953 1857 iniquum
1981 1773 2273 1858 frugibus
2303 1775 2511 1839 amnis

482 1917 794 1960 hanff-14
815 1920 879 1959 ³0,
907 1886 1153 1948 Doctus
1181 1885 1306 1948 iter
1335 1885 1587 1963 melius,
1620 1885 1915 1948 mortalia
1941 1883 2114 1949 facta
2141 1885 2466 1970 peribunt,

905 1995 1169 2060 Nedum
1198 2016 1566 2059 sermonum
1597 2002 1724 2059 stet
1752 1996 1955 2060 honos
1985 2003 2053 2060 et
2083 1995 2292 2079 gratia
2319 1995 2523 2059 vivax.

905 2104 1125 2170 Multa
1151 2113 1586 2185 renascentur,
1619 2127 1763 2189 quae
1786 2107 1922 2190 jam
1953 2106 2254 2184 cecidere,
2286 2106 2642 2190 cadentque
2673 2106 2679 2112 ’
2819 2110 2910 2173 70

483 2258 576 2287 m.
598 2246 649 2287 a.
669 2247 707 2287 ε.
728 2247 766 2288 2.
780 2246 868 2287 119.
908 2217 1071 2281 Quae
1099 2235 1273 2279 nunc
1303 2223 1455 2279 sunt
1483 2215 1554 2278 in
1583 2215 1825 2280 honore
1853 2214 2179 2293 vocabula,
2211 2216 2266 2279 si
2295 2216 2466 2281 volet
2494 2239 2668 2295 usus,

907 2329 1122 2396 Quem
1152 2348 1346 2412 penes
1377 2326 1713 2392 arbitrium
1742 2334 1839 2391 est
1868 2333 1934 2391 et
1956 2326 2066 2409 jus
2095 2335 2161 2391 et
2192 2347 2420 2391 norma
2448 2325 2771 2410 loquendi.

908 2441 1039 2503 Res
1070 2447 1265 2521 gestae
1293 2459 1647 2521 regumque
1678 2438 2040 2521 ducumque
2069 2446 2135 2502 et
2164 2439 2376 2503 tristia
2403 2439 2573 2504 bella

908 2552 1057 2617 Quo
1086 2550 1279 2614 scribi
1308 2556 1568 2633 possent
1597 2569 1889 2627 numero,
1921 2549 2301 2612 monstravit
2334 2550 2675 2613 Homerus.

905 2661 1215 2726 Versibus
1241 2660 1574 2744 impariter
1594 2659 1839 2742 junctis
1870 2659 2268 2741 querimonia
2296 2660 2594 2743 primum,
2824 2667 2910 2727 75

906 2772 1065 2835 Post
1093 2771 1289 2835 etiam
1319 2770 1565 2833 inclusa
1594 2777 1692 2833 est
1720 2768 1852 2833 voti
1883 2770 2204 2834 sententia
2232 2790 2510 2855 compos.
2601 2824 2612 2831 .

908 2883 1073 2950 Quis
1101 2888 1320 2946 tamen
1348 2882 1611 2964 exiguos
1640 2881 1856 2964 elegos
1886 2880 2167 2945 emiserit
2198 2888 2441 2960 auctor,

910 2993 1331 3061 Grammatici
1362 2998 1613 3056 certant
1644 2999 1710 3055 et
1740 2990 1950 3055 adhuc
1979 2991 2099 3055 sub
2122 2992 2341 3075 judice
2374 2992 2453 3056 lis
2481 3000 2602 3058 est.
2663 3018 2754 3088 χ

485 3101 547 3143 ⁷⁹·
571 3092 619 3182 ἓξ
642 3092 843 3181 {231}ss²
909 3100 1365 3169 Archilochum
1395 3103 1652 3188 proprio
1680 3102 1888 3167 rabies
1919 3104 2188 3166 armavit
2216 3104 2468 3182 iambo;

484 3229 571 3309 2253
593 3217 643 3306 ἐξ]
660 3220 700 3307 {j
720 3218 759 3305 1¹3
781 3217 869 3307 ᾖξ’
910 3221 1108 3283 Hunc
1137 3219 1306 3284 socci
1335 3239 1557 3302 cepere
1586 3217 1811 3302 pedem
1843 3217 2243 3301 grandesque
2272 3219 2592 3298 cothurni,
2825 3226 2920 3285 80

587 3320 629 3359 ⁸·
652 3319 687 3360 ¹·
708 3321 745 3358 ⁶·
765 3319 829 3358 θ’*
908 3330 1194 3395 Alternis
1226 3338 1447 3413 aptum
1478 3328 1875 3392 sermonibus
1905 3334 1973 3391 et
2002 3329 2323 3412 popularis

907 3440 1292 3503 Vincentem
1322 3440 1628 3522 strepitus
1658 3445 1725 3502 et
1753 3447 1981 3502 natum
2009 3438 2200 3503 rebus
2230 3438 2511 3522 agendis.

487 3569 553 3619 ⁸³-
574 3565 622 3606 C·
643 3567 680 3606 ⁴-
700 3566 740 3604 ²·
759 3565 860 3601 ¹⁰-
908 3551 1105 3614 Musa
1134 3550 1308 3614 dedit
1338 3550 1570 3613 fidibus
1599 3549 1778 3613 divos
1806 3570 2160 3632 puerosque
2190 3548 2453 3614 deorum

649 3666 686 3707 ¹·
709 3617 830 3706 ¹²3}-
908 3665 998 3728 Et
1024 3663 1307 3746 pugilem
1335 3662 1640 3726 victorem
1672 3670 1738 3726 et
1767 3683 2003 3745 equum
2035 3662 2381 3725 certamine
2409 3662 2688 3756 primum

487 3794 562 3837 m».
582 3796 631 3837 e.
652 3796 689 3837 1.
707 3795 746 3836 4.
766 3796 831 3836 aa.
907 3775 997 3838 Et
1017 3774 1328 3857 juvenum
1358 3793 1543 3837 curas
1573 3781 1639 3837 et
1668 3772 1870 3838 libera
1896 3775 2045 3838 vina
2071 3773 2325 3838 referre.
2821 3781 2916 3841 85

909 3884 1280 3968 Descriptas
1309 3904 1558 3947 servare
1585 3884 1754 3948 vices
1783 3905 2173 3968 operumque
2203 3883 2445 3947 colores
2474 3923 2480 3933 ·

912 3998 1045 4062 Cur
1073 4015 1195 4077 ego
1224 3993 1278 4056 si
1306 4013 1555 4075 nequeo
1584 3994 1935 4077 ignoroque
1965 3997 2153 4079 po'e'ta
2180 3993 2470 4058 salutor?

912 4109 1046 4171 Cur
1072 4104 1317 4169 nescire
1348 4103 1592 4187 pudens
1624 4127 1812 4189 prave
1845 4128 2035 4188 quam
2062 4105 2302 4170 discere
2332 4106 2503 4170 malo
2526 4106 2556 4167 Ρ

659 1571 697 1609 ².
719 1570 767 1609 15

480 1580 569 1621 req.
591 1569 639 1610 C.
771 1600 779 1608 .
800 1570 837 1610 1.

593 1621 645 1661 B.
666 1622 703 1661 1.
722 1621 760 1662 7.
779 1622 844 1662 44.

914 4281 993 4331 59.
1028 4277 1327 4341 procudere.
1417 4273 1497 4324 72.
1535 4276 1921 4325 i’arbitriumst·
1991 4276 2069 4327 76.
2108 4278 2423 4330 Muclus-at.
2507 4281 2586 4328 81.
2612 4282 2922 4343 populares.
