3025 4776
317 342 388 394 52

408 1424 508 1541 Q.
626 1427 1158 1565 HORATI
1272 1431 1793 1537 FLAOCI
1910 1436 2603 1548 CARMINA.

311 2231 346 2260 ι.
368 2218 415 2259 C.
435 2220 473 2260 2.
496 2221 559 2260 16.
582 2221 645 2260 40.
722 2188 725 2189 ⁷

308 2305 441 2346 upra.
462 2294 510 2335 C.
530 2297 706 2387 {⁸²95}

305 3395 370 3425 n.
394 3382 443 3423 E.
464 3384 500 3424 1.
522 3383 557 3423 1.
579 3383 641 3424 57.

304 3706 414 3749 Nec.
436 3707 484 3750 0.
506 3709 541 3749 1.
563 3711 599 3748 3.
620 3710 669 3749 32

556 3761 618 3804 85.
640 3724 704 3803 17}

506 3812 543 3850 3.
566 3814 627 3849 24.
648 3814 687 3851 6.

304 3869 365 3910 ις.
387 3858 435 3901 C.
455 3860 493 3901 2.
516 3862 577 3901 18.
597 3863 659 3901 32.

1057 1841 1405 1926 LIBER
1521 1842 2021 1933 TERTIUS.

1476 2066 1535 2129 I.

996 2198 1131 2262 Om
1162 2198 1501 2282 profanum
1531 2201 1755 2284 volgus
1786 2211 1851 2266 et
1882 2225 2064 2269 arceo
2085 2231 2106 2285 ς

994 2308 1229 2374 Favete
1260 2310 1497 2395 linguis
1529 2337 1543 2376 ε
1591 2314 1876 2378 carmina
1904 2338 2035 2380 non
2064 2319 2241 2404 prius

1080 2422 1328 2485 Audita
1357 2425 1698 2488 Musarum
1729 2429 2020 2493 sacerdos

1163 2531 1546 2616 Virginibus
1577 2537 1913 2621 puerisque
1944 2548 2154 2605 canto,

994 2669 1248 2750 Regum
1277 2669 1711 2735 timendorum
1742 2673 1811 2737 in
1840 2677 2127 2760 proprios
2157 2701 2403 2763 gregffl,

995 2778 1203 2861 Reges
1233 2779 1302 2842 in
1332 2780 1501 2864 ipsos
1533 2782 1875 2866 imperium
1906 2796 2003 2851 est
2035 2790 2077 2852 J
2079 2789 2231 2868 oviS,

1081 2889 1254 2952 Clari
1287 2892 1610 2975 Giganteo
1640 2895 1988 2980 triumpho,

1166 3000 1421 3065 Cuncta
1449 3005 1786 3087 supercilio
1816 3009 2150 3074 moventis.

997 3133 1120 3197 Est
1150 3140 1223 3197 ut
1251 3136 1389 3199 viro
1416 3138 1515 3201 vir
1543 3139 1734 3202 latius
1764 3140 2017 3206 ordinet

989 3244 1276 3308 Arbusta
1306 3247 1521 3326 sulcis,
1552 3246 1657 3311 hic
1688 3253 2055 3331 generosior

1085 3357 1451 3423 Descendat
1479 3360 1548 3423 in
1580 3363 1898 3447 Campum
1926 3368 2187 3450 petitor,

1164 3469 1462 3534 Moribus
1491 3471 1598 3536 hic
1629 3475 1981 3561 meliorque
2009 3479 2183 3543 fama

997 3603 1383 3684 Contendat,
1414 3606 1509 3669 illi
1540 3609 1731 3673 turba
1762 3611 2093 3676 clientium

999 3712 1101 3775 Sit
1130 3714 1373 3798 major:
1424 3737 1610 3800 aequa
1637 3718 1777 3802 lege
1806 3721 2176 3788 Necessitas

1076 3823 1357 3886 Sortitur
1386 3825 1676 3910 insignes
1705 3837 1771 3891 et
1800 3830 1962 3895 imos
1978 3859 2000 3910 3

1161 3934 1375 3999 Omne
1406 3956 1602 4020 capax
1633 3948 1850 4004 movet
1878 3963 2042 4006 urna
2069 3965 2323 4010 nomen.

986 4066 1348 4131 Destrictus
1377 4071 1545 4134 ensis
1575 4073 1681 4136 cui
1708 4095 1896 4158 super
1922 4077 2118 4162 impia

987 4179 1245 4244 Cervice
1277 4181 1532 4264 pendet,
1564 4205 1696 4247 non
1731 4186 1961 4251 Siculae
1990 4189 2179 4272 dapes

1486 4347 1536 4396 6.
1575 4349 1596 4396 Ρ
1624 4349 1967 4412 imperiumst.

2650 3270 2734 3331 10

2645 3847 2726 3910 15
