3025 4776
250 224 320 276 68

256 1235 360 1266 eom.
385 1223 431 1264 C.
455 1225 491 1264 1.
513 1225 575 1263 24.
597 1225 634 1262 5.

256 1609 321 1647 41.
340 1597 387 1637 C.
409 1597 445 1636 1.
465 1597 526 1636 23.
548 1595 611 1635 11.

265 2419 329 2456 ⁴9·
351 2406 430 2458 Ep.
454 2406 514 2447 16.
534 2406 597 2447 21.

1073 218 1137 290 Q.
1195 217 1516 276 HORATI
1569 215 1862 273 FLAOC'I

940 382 1167 466 Impiae
1196 340 1473 466 sponsos¹
1486 388 1752 466 potuere
1782 380 1944 444 duro

1285 493 1560 558 Perdere
1589 492 1777 555 ferro.

944 632 1097 696 Una
1127 630 1205 693 de
1236 629 1477 708 multis,
1510 628 1651 692 face
1678 625 1951 710 nuptiali

941 741 1179 824 Digna,
1210 742 1541 826 perjurum
1570 738 1698 801 fuit
1726 738 1794 800 in
1824 742 2154 820 parentem

944 849 1288 935 Splendide
1317 850 1617 928 mendax,
1648 856 1713 912 et
1743 848 1812 911 in
1843 869 2035 912 omne
2064 847 2243 930 virgo

1287 960 1547 1025 Nobilis
1577 980 1804 1024 aevum.

879 1100 924 1130 “
952 1096 1230 1179 Surge,”
1267 1116 1411 1178 quae
1441 1094 1603 1157 dixit
1625 1093 1849 1176 juveni
1877 1091 2134 1169 marito,

882 1211 925 1241 “
953 1206 1181 1289 Surge,
1212 1227 1293 1269 ne
1321 1205 1556 1288 longus
1585 1203 1707 1268 tibi
1738 1225 2019 1282 somnus,
2053 1202 2225 1266 unde

944 1317 1099 1380 Non
1127 1317 1339 1395 times,
1372 1315 1599 1391 detur:
1647 1336 1939 1378 socerum
1971 1320 2038 1378 et
2067 1313 2364 1377 scelestas

1291 1426 1467 1491 Falle
1497 1445 1742 1489 sorores
1763 1451 1783 1503 3

887 1571 930 1602 “
958 1566 1145 1642 Quae,
1173 1564 1349 1628 velut
1376 1569 1584 1625 nactae
1611 1561 1846 1624 vitulos
1874 1560 2116 1639 leaenae,

952 1678 1275 1761 Singulos,
1307 1676 1491 1754 eheu,
1523 1675 1826 1737 lacerant.
1917 1675 2059 1755 Ego
2089 1673 2216 1736 illis

949 1789 1214 1853 Mollior
1243 1807 1362 1850 nec
1390 1793 1459 1849 te
1486 1785 1735 1862 feriam,
1765 1803 1976 1866 neque
2004 1783 2177 1847 iutra

1295 1896 1593 1959 Claustra
1619 1893 1875 1958 teneb0.

885 2038 929 2068 “
949 2032 1065 2095 Me
1094 2038 1276 2116 pater
1303 2030 1486 2094 saevis
1515 2037 1738 2094 oneret
1766 2030 2032 2109 eatenis,

950 2142 1145 2210 Quod
1174 2143 1310 2205 viro
1339 2141 1618 2205 clemens
1650 2142 1881 2206 misero
1909 2141 2161 2225 peperci
2189 2167 2204 2205 z

947 2253 1068 2316 Me
1103 2252 1204 2316 vel
1233 2258 1553 2316 extremos
1583 2251 2020 2315 Numidarum
2050 2253 2122 2315 in
2153 2273 2338 2335 agros

1296 2362 1512 2427 Classe
1542 2363 1805 2446 releget.
2165 2362 2168 2369 ‘

887 2504 934 2534 “
951 2499 1009 2576 1,
1043 2498 1236 2582 pedes
1269 2520 1398 2582 quo
1427 2505 1495 2562 te
1524 2499 1787 2582 rapiunt
1818 2507 1883 2564 et
1914 2521 2108 2581 aurae,

948 2611 1127 2675 Dum
1156 2610 1327 2674 favet
1355 2632 1483 2674 nox
1512 2618 1579 2674 et
1608 2613 1833 2676 Venus
1861 2638 1875 2677 ε
1928 2614 1966 2676 I
1997 2613 2276 2677 seeundo

952 2721 1207 2799 Omine,
1240 2727 1307 2784 et
1334 2722 1538 2784 nostri
1568 2743 1918 2786 memorem
1949 2724 2238 2807 sepulcro

1301 2831 1528 2914 Scalpe
1559 2832 1976 2914 querellam.”

1610 3164 1773 3228 XII.

862 3286 1288 3350 M1sunAnuM
1323 3291 1421 3348 est
1449 3305 1658 3368 neque
1688 3287 1890 3351 amori
1957 3298 1963 3303 ’

862 3396 1036 3460 Dare
1064 3397 1315 3474 ludum,
1346 3417 1559 3478 neque
1588 3396 1760 3460 dulei

861 3507 1046 3571 Mala
1073 3507 1221 3571 vino
1251 3507 1480 3584 lavere,
1516 3515 1629 3570 aut
1659 3510 2008 3573 exanimari
2037 3513 2386 3576 metuentis

1212 3618 1470 3682 Patruae
1498 3618 1761 3682 verbera
1785 3619 2038 3702 linguae.

862 3754 1008 3820 Tibi
1039 3755 1303 3838 qualum
1337 3755 1672 3840 Cythereae

863 3866 1035 3929 Puer
1064 3865 1213 3943 ales,
1247 3864 1369 3927 tibi
1400 3865 1562 3928 telas

864 3977 1287 4060 Operosaeque
1318 3975 1636 4040 Minervae
1668 3978 1954 4041 studium
1987 3979 2216 4059 aufert,
2249 3979 2567 4058 Neobule,

1212 4086 1488 4169 Liparaei
1518 4086 1690 4150 nitor
1724 4088 1948 4166 Hebri,

1066 4227 1146 4272 36.
1184 4239 1544 4280 {evezam-om,
1574 4225 1628 4270 B.
1898 4227 1943 4271 3.
1983 4228 2293 4274 metuentes·

2590 845 2672 904 35
2759 883 2802 918 s,

2598 2037 2680 2096 45

2602 2616 2687 2676 50
