3025 4776
352 622 465 682 >20

412 2384 495 2446 35

440 3561 525 3622 45

1121 321 1563 384 GARMJNUM
1639 318 1796 375 LIB.
1839 313 1962 371 III.
2009 310 2049 369 i.

719 497 994 563 Duleem
1024 489 1448 558 elaborabunt
1479 503 1792 567 saporem,

814 609 969 673 Non
1001 602 1215 668 avium
1248 598 1636 677 citharaeque
1666 599 1892 656 cantus

637 750 957 811 Somnum
989 739 1316 805 reducent.
1412 733 1696 795 Somnus
1728 723 2074 809 agrestium

642 856 836 923 Lenis
865 853 1149 917 virorum
1177 866 1309 910 non
1336 840 1615 907 humiles
1660 837 1884 900 domos

730 962 1024 1040 Fastidit,
1058 957 1554 1036 umbrosamque
1585 949 1812 1032 ripam,

817 1075 977 1141 Non
1007 1065 1317 1152 Zephyris
1346 1061 1591 1145 agitata
1617 1058 1878 1139 Tempe.

648 1212 1137 1278 Desiderantem
1169 1200 1339 1287 quod
1370 1196 1526 1262 satis
1545 1187 1655 1258 ‘est
1683 1160 1892 1274 neque

652 1322 1149 1388 Tumultuosum
1179 1311 1483 1377 sollicitat
1511 1325 1709 1380 mare,
1789 1396 1802 1405 ἱ

738 1435 882 1499 Nec
913 1450 1114 1495 saevus
1145 1422 1409 1491 Arcturi
1437 1415 1724 1483 cadentis

827 1544 1142 1624 Impetus,
1174 1541 1287 1599 aut
1319 1529 1588 1597 orientis
1620 1522 1848 1589 Haedi:

659 1682 817 1745 Non
844 1676 1192 1741 verberatae
1222 1667 1532 1753 grandine
1561 1662 1780 1733 vineae,

658 1789 1050 1870 Fundusque
1080 1781 1374 1858 mendax,
1410 1762 1843 1841 arbore¹nunc
1873 1787 2069 1852 aquas

750 1907 1089 1989 culpante,
1121 1920 1296 1964 nunc
1325 1892 1641 1960 torrentia
1670 1909 1855 1973 agros

720 2015 730 2025 '
841 2016 1088 2092 Sidera,
1120 2031 1292 2075 nune
1320 2008 1563 2073 hiemes
1591 2002 1862 2085 iniquasa

669 2158 1020 2221 Contracta
1047 2148 1254 2233 pisces
1285 2163 1540 2228 aequora
1569 2137 1859 2203 sentiunt

673 2266 714 2328 J
720 2262 879 2328 actis
906 2261 978 2323 in
1008 2259 1211 2321 altum
1242 2252 1522 2316 molibus
1548 2274 1561 2311 ε
1609 2246 1737 2311 huc
1765 2243 2066 2325 frequens

761 2376 1093 2440 Caementa
1123 2364 1407 2432 demittit
1435 2360 1802 2443 redemptor

851 2485 1019 2548 Cum
1049 2477 1328 2555 famulis,
1363 2472 1791 2551 dominusque
1820 2474 2011 2529 terrae

679 2619 1074 2686 Fastidiosus
1100 2642 1115 2679 z
1163 2613 1275 2678 sed
1303 2611 1525 2677 Timor
1555 2613 1621 2671 et
1648 2605 1856 2670 Minae

683 2730 1018 2797 Scandunt
1047 2725 1292 2802 eodem,
1328 2742 1455 2806 quo
1484 2717 1784 2783 dominus
1806 2739 1826 2793 3
1872 2730 2084 2795 neque

772 2840 1045 2907 Decedit
1076 2843 1273 2902 aerata
1300 2831 1575 2908 triremi,
1608 2836 1675 2892 et

860 2954 1019 3017 Post
1047 2921 1345 3031 equitem⁸
1362 2942 1542 3008 sedet
1573 2947 1714 3003 atra
1744 2939 1935 3002 Cura.

699 3085 893 3155 Quod
922 3084 978 3147 si
1009 3082 1332 3146 dolentem
1361 3098 1483 3141 nec
1515 3072 1832 3157 Phrygius
1859 3067 2042 3152 lapis,

692 3198 838 3264 Nec
868 3214 1294 3280 purpurarum
1323 3189 1529 3253 sidere
1560 3183 1788 3249 clarior

783 3306 1047 3371 Delenit
1078 3325 1256 3382 usus,
1288 3321 1408 3364 nec
1440 3298 1714 3363 Falerna

872 3415 1068 3492 Vitis,
1103 3409 1718 3488 Achaemeniumque
1749 3407 1997 3465 costum
2020 3424 2039 3476 ς

706 3556 839 3619 Cur
866 3548 1224 3615 invidendis
1253 3545 1546 3630 postibus
1575 3549 1641 3605 et
1670 3559 1835 3603 novo

711 3663 1000 3728 Sublime
1028 3661 1162 3723 ritu
1189 3658 1419 3722 moliar
1448 3653 1686 3719 atrium
1710 3652 1740 3713 Ῥ

796 3774 930 3837 Cur
960 3771 1121 3835 valle
1150 3774 1511 3853 permutem
1543 3762 1782 3827 Sabina

885 3882 1159 3946 Divitias
1186 3873 1627 3963 operosiores?

2727 270 2931 354 53'

2423 1210 2484 1251 ις.
2506 1198 2556 1240 E.
2579 1199 2615 1239 1.
2637 1198 2675 1238 2.
2701 1197 2765 1236 46.

2424 1303 2485 1343 26.
2507 1300 2588 1390 Ecp.
2608 1300 2644 1338 2.
2664 1299 2704 1336 θ.

2563 1352 2625 1391 ,3.
2646 1349 2709 1388 29.
2729 1347 2795 1387 67.

2432 1690 2492 1728 29.
2513 1676 2566 1717 E.
2587 1676 2624 1716 1.
2643 1677 2681 1715 8.
2702 1675 2742 1714 ὕ.

2432 1790 2542 1820 men.
2564 1777 2645 1827 Ep.
2667 1776 2728 1815 16.
2748 1774 2812 1814 4⁵.

2445 2339 2568 2369 caem.
2591 2326 2640 2366 C.
2662 2327 2699 2365 8.
2722 2325 2784 2363 24.
2804 2324 2843 2363 8.

2444 2379 2540 2422 red.
2563 2378 2613 2420 Ε.
2630 2378 2670 2419 2.
2690 2377 2728 2417 2.
2752 2375 2815 2417 72.

2452 2792 2586 2878 39..C.
2606 2825 2643 2864 2.
2666 2824 2726 2863 16.
2746 2821 2810 2862 21.

2454 3208 2561 3250 pur.
2583 3196 2631 3237 c,
2652 3196 2690 3236 2.
2711 3194 2773 3235 16.
2791 3193 2831 3232 ⁷.

2463 3411 2572 3454 Ach.
2595 3408 2632 3448 E
2666 3439 2674 3448 .
2697 3408 2757 3448 13.
2778 3407 2816 3445 Β.

2642 3489 2651 3500 .
2672 3460 2711 3499 2.
2733 3456 2863 3496 imo.

2477 3877 2541 3924 48.
2564 3873 2606 3913 8.
2622 3872 2660 3911 2.
2680 3870 2719 3909 6.
2741 3866 2805 3907 79.
