3025 4776
356 259 468 316 170
999 269 1007 290 ·
1179 256 1243 327 Q.
1288 258 1357 314 H
1357 258 1604 315 ORATI
1636 258 1923 317 FLAOCI

780 424 1114 489 Quantum
1144 423 1298 488 hinc
1326 425 1670 489 imminuet
1686 428 1716 489 ⁴?
1766 435 2009 508 quanto
2039 436 2150 491 aut
2181 449 2300 512 ego
2351 418 2626 514 parcius,
2661 439 2772 496 aut

1118 555 1252 610 vos,

778 642 836 704 O
865 643 1065 725 pueri,
1097 643 1403 720 nituistiS,
1437 652 1511 706 ut
1541 643 1669 707 huc
1698 666 1901 708 novus
1930 645 2140 709 incola
2166 648 2396 711 venit?

354 791 414 820 er.
438 780 485 822 c,
505 783 542 821 2.
560 782 626 821 is.
647 783 710 822 32.
773 755 951 817 Nam
981 752 1250 836 propriae
1276 753 1523 816 telluris
1552 775 1734 816 erum
1764 761 1995 818 natura
2022 777 2229 838 neque
2260 759 2441 821 illum

773 863 916 925 Nec
944 884 1049 925 me
1078 882 1196 924 nec
1227 883 1611 944 quemquam
1641 864 1902 927 statuit:
1951 886 2067 928 nos
2098 868 2339 949 expulit
2369 869 2475 931 ille
2498 894 2517 946 3
2643 873 2770 932 130

774 971 973 1036 Illum
1003 980 1115 1034 aut
1144 972 1458 1053 nequities
1489 980 1603 1035 aut
1631 973 1791 1036 vafri
1820 974 2074 1037 inscitia
2094 976 2279 1057 juris,

774 1083 1181 1144 Postremum
1210 1082 1483 1164 expellet
1512 1090 1684 1145 certe
1713 1082 1989 1146 vivacior
2019 1084 2222 1150 heres.

770 1192 968 1254 Nunc
998 1212 1148 1273 ager
1179 1191 1496 1255 Umbreni
1529 1192 1646 1254 sub
1677 1193 1958 1271 nomine,
1989 1215 2195 1276 nuper
2226 1195 2452 1258 Ofellae

773 1302 1027 1379 DictuS,
1060 1302 1180 1365 erit
1211 1302 1369 1364 nulli
1400 1303 1691 1385 proprius
1710 1329 1729 1381 3
1778 1303 1889 1366 sed
1919 1304 2102 1367 cedet
2130 1306 2201 1367 in
2231 1327 2420 1368 usum

770 1410 968 1473 Nunc
997 1411 1176 1486 mihi,
1209 1432 1380 1474 nunc
1410 1411 1539 1474 alii.
1632 1412 1952 1478 Quocirca
1979 1414 2168 1477 vivite
2198 1414 2416 1492 forteS,
2642 1418 2763 1477 135

773 1519 1114 1603 Fortiaque
1144 1520 1422 1584 adversis
1452 1521 1752 1604 opponite
1781 1529 2039 1604 pectora
2066 1522 2276 1586 rebus.

1655 1980 1658 1983 <
1696 1939 1834 2003 ΙΙΙ.

773 2087 887 2150 S1c
919 2105 1064 2147 raro
1093 2083 1336 2161 scribis,
1366 2090 1441 2145 ut
1470 2088 1610 2146 toto
1638 2104 1772 2146 non
1802 2090 2027 2165 quater
2057 2103 2225 2147 anno

348 2229 469 2260 mem.
492 2218 541 2260 Α.
564 2219 609 2260 Ρ.
630 2195 745 2261 389(
770 2195 1221 2258 Membranam
1250 2213 1491 2275 poscas,
1523 2194 1907 2276 scriptorum
1938 2214 2202 2275 quaeque
2231 2199 2544 2271 retexens,

772 2304 986 2366 Iratus
1016 2303 1136 2366 tibi
1167 2301 1336 2384 quod
1365 2302 1498 2364 vini
1528 2303 1864 2384 somnique
1895 2302 2208 2384 benignus

766 2405 887 2469 Nil
918 2405 1186 2487 dignum
1216 2425 1505 2467 sermone
1538 2425 1748 2467 canas.
1842 2403 2020 2470 Quid
2049 2405 2160 2466 fiet
2181 2405 2211 2466 Ρ
2299 2410 2393 2468 At
2420 2403 2598 2488 ipsis?

774 2519 1221 2583 Saturnalibus
1249 2520 1376 2583 huc
1404 2519 1650 2601 fugisti.
1743 2520 2011 2583 Sobrius
2049 2540 2200 2601 ergo
2718 2523 2755 2581 5

341 2664 514 2711 praa,
538 2663 691 2705 2133,
769 2633 893 2696 Dic
924 2632 1164 2715 aliquid
1195 2632 1461 2715 dignum
1491 2632 1836 2715 promissis.
1929 2634 2172 2716 Incipe.
2261 2633 2377 2696 Nil
2408 2640 2523 2697 est.

771 2745 1131 2827 Culpantur
1157 2745 1394 2807 frustra
1422 2743 1653 2807 calami
1682 2744 2170 2827 immeritusque
2198 2745 2446 2808 laborat

773 2855 964 2918 Iratis
992 2863 1182 2917 natus
1210 2854 1415 2938 paries
1447 2853 1544 2915 dis
1575 2861 1766 2936 atque
1795 2854 2020 2937 poetis,

346 2990 450 3029 men.
471 2989 522 3029 E.
543 2990 580 3030 1.
601 2991 638 3031 s.
658 2991 697 3031 ³.
767 2965 974 3047 Atqui
1001 2965 1210 3026 voltus
1240 2972 1377 3026 erat
1406 2964 1616 3026 multa
1644 2971 1709 3026 et
1738 2965 2039 3046 praeclara
2068 2963 2395 3041 minantis,

343 3106 417 3145 vn.
440 3106 678 3148 s,1‚5,45‚
769 3075 841 3137 Si
867 3095 1139 3137 vacuum
1169 3073 1382 3156 tepido
1412 3073 1679 3155 cepisset
1708 3073 1926 3135 villula
1954 3080 2147 3136 tecto.
2675 3074 2755 3136 10

768 3186 1090 3251 Quorsum
1121 3184 1429 3266 pertinuit
1459 3183 1694 3264 stipare
1725 3182 1999 3245 Platona
2027 3183 2411 3261 MenandrO,

343 3316 738 3362 Are.13.1.19.24.
764 3295 1063 3376 Eupolin,
1094 3292 1581 3369 Archilochum,
1613 3291 1877 3354 comites
1907 3291 2175 3356 educere
2205 3300 2418 3357 tantos
2436 3294 2466 3355 Ρ

767 3404 1085 3468 Invidiam
1114 3404 1363 3485 placare
1392 3423 1576 3485 paras
1605 3401 1843 3464 virtute
1874 3402 2096 3465 relicta
2119 3404 2149 3465 ⁴?

762 3513 1209 3589 Contemnere,
1242 3512 1454 3575 miser.
1547 3510 1835 3575 Vitanda
1863 3520 1961 3575 est
1991 3513 2280 3595 improba
2312 3513 2496 3576 Siren

761 3623 1043 3699 Desidia,
1076 3629 1189 3684 aut
1220 3621 1531 3703 quidquid
1560 3621 1693 3684 vita
1720 3622 1982 3684 meliore
2011 3622 2268 3704 parasti,
2674 3626 2752 3684 15

760 3730 1141 3795 Ponendum
1171 3752 1353 3813 aequo
1384 3731 1621 3795 animo,
1714 3731 1801 3793 Di
1832 3739 1917 3809 te,
1950 3732 2354 3814 Damasippe,
2388 3731 2647 3813 deaeque

759 3845 1005 3906 Verum
1035 3841 1118 3906 ob
1149 3842 1484 3906 consilium
1518 3842 1758 3905 donent
1787 3850 2046 3906 tonsore
2075 3843 2088 3905 !
2139 3843 2250 3906 sed
2278 3843 2453 3906 unde

760 3954 915 4016 Tam
945 3952 1110 4016 bene
1139 3974 1242 4016 me
1271 3953 1490 4016 nosti?
1537 3954 1887 4035 Postquam
1917 3953 2128 4017 omnis
2159 3974 2261 4017 res
2288 3974 2434 4017 mea
2465 3954 2506 4015 J
2511 3973 2703 4015 anum

757 4062 863 4126 Ad
893 4063 1175 4127 medium
1204 4063 1407 4126 fracta
1435 4070 1555 4141 est,
1589 4062 1796 4126 aliena
1823 4063 2084 4146 negotia
2115 4084 2268 4127 curo

757 4222 869 4271 129.
905 4223 1102 4269 horum.
1305 4221 1349 4269 1.
1387 4218 1597 4269 scribes.
1736 4222 1812 4269 14.
1853 4221 1877 4269 Ρ
1901 4220 2190 4271 vitandast.
2327 4210 2407 4270 19.
2434 4221 2457 4271 Ρ
2483 4221 2716 4269 fractast.
