3025 4776
320 567 402 630 10

324 1146 402 1205 15

327 1723 414 1784 20

332 2329 413 2424 2⁵

342 3484 422 3545 35

1015 284 1463 342 CARMINUM
1533 284 1692 341 LIB.
1734 283 1855 339 III.
1901 282 2076 365 xxyii.

573 454 943 537 Antequam
973 455 1204 518 stantis
1232 461 1477 537 repetat
1504 453 1767 537 paludes

577 563 902 628 Imbrium
931 562 1147 629 divina
1175 565 1306 627 avis
1333 563 1813 640 imminentum,

579 675 883 741 Oscinem
914 695 1175 738 corvum
1204 695 1389 760 prece
1419 674 1744 738 suscitabo

1013 787 1180 849 Solis
1211 784 1291 849 ab
1322 792 1491 849 ortu.

581 921 683 984 Sis
709 920 862 985 licet
892 920 1063 999 felix,
1097 920 1483 1004 ubicumque
1512 920 1736 997 mavis,

580 1033 669 1095 Et
697 1052 944 1096 memor
972 1032 1196 1109 nostri,
1232 1030 1521 1108 Galatea,
1554 1031 1724 1094 vivas
1753 1056 1765 1094 :

579 1142 796 1224 'reque
825 1162 945 1205 nec
972 1141 1168 1205 laevus
1193 1149 1364 1204 vetet
1392 1141 1484 1204 ire
1514 1141 1715 1224 picus,

1013 1251 1157 1316 Nec
1187 1272 1348 1333 vaga
1376 1251 1619 1313 cornix.

585 1388 712 1451 Sed
738 1388 933 1464 vides,
968 1393 1209 1470 quanto
1239 1387 1514 1470 trepidet
1543 1386 1831 1450 tumultu

586 1500 836 1563 Pronus
866 1500 1093 1564 Orion.
1183 1500 1345 1581 Eg0,
1381 1498 1536 1581 quid
1566 1498 1650 1560 sit
1680 1506 1817 1561 ater

586 1609 873 1689 Hadriae,
905 1609 1074 1687 novi,
1107 1609 1305 1687 sinus,
1338 1616 1404 1671 et
1435 1607 1590 1691 quid
1620 1607 1802 1671 albus

1022 1721 1255 1784 Peccet
1286 1719 1509 1802 Iapyx.

587 1855 897 1932 Hostium
925 1875 1154 1919 uxores
1183 1854 1490 1939 puerique
1522 1875 1719 1919 caecos

590 1968 890 2031 Sentiant
920 1974 1134 2029 motus
1162 1966 1426 2030 orientis
1458 1966 1704 2044 Austri,
1738 1974 1804 2030 et

588 2077 890 2160 AEquoris
920 2076 1089 2159 nigri
1119 2076 1470 2153 fremitum,
1504 2083 1571 2139 et
1599 2077 1932 2141 trementis

1022 2186 1307 2250 Verbere
1336 2187 1528 2269 ripas.

593 2325 701 2388 Sic
730 2332 797 2390 et
826 2326 1080 2408 Europe
1109 2323 1365 2387 niveum
1398 2323 1616 2386 doloso

591 2434 881 2501 Credidit
908 2444 1096 2499 tauro
1126 2436 1313 2514 latus,
1348 2443 1413 2499 et
1452 2442 1807 2499 scatentem

592 2546 811 2634 Beluis
842 2553 1112 2630 pontum
1143 2547 1512 2629 mediasque
1553 2546 1840 2610 fraudes.

1023 2657 1267 2721 Palluit
1298 2656 1524 2720 audax.

594 2798 822 2882 Nuper
850 2797 918 2860 in
949 2799 1157 2881 pratis*
1176 2798 1466 2862 studiosa
1496 2799 1743 2878 florum,
1779 2809 1845 2864 et

596 2909 848 2973 Debitae
873 2908 1202 2994 Nymphis
1233 2909 1442 2993 opifex
1475 2904 1746 2989 coronae,

594 3019 807 3083 Nocte
838 3018 1145 3082 sublustri
1174 3018 1337 3081 nihil
1367 3027 1540 3083 astra
1567 3028 1797 3104 praeter

1026 3129 1211 3192 Vidit
1241 3137 1308 3193 et
1339 3130 1563 3194 undas.

598 3262 760 3328 Quae
791 3262 982 3325 simul
1013 3271 1273 3327 centum
1305 3264 1523 3347 tetigit
1564 3271 1891 3347 potentem

597 3373 862 3458 Oppidis
892 3374 1150 3452 Creten,
1184 3379 1227 3409 “
1254 3376 1482 3438 Pater!
1535 3377 1593 3439 Ο
1625 3375 1920 3439 relictum

599 3483 778 3548 Filiae
806 3504 1041 3546 nomen
1070 3483 1465 3567 pietasque‚'’
1499 3484 1682 3562 dixit,

1036 3598 1080 3627 “
1104 3594 1297 3656 Victa
1325 3593 1539 3658 furore
1569 3594 1582 3656 l

535 3734 577 3764 “
602 3729 794 3793 Unde
825 3750 952 3812 quo
980 3729 1128 3792 veni
1150 3730 1181 3791 ’ὃ
1272 3731 1462 3794 Levis
1489 3752 1621 3793 una
1650 3754 1820 3795 mors
1849 3741 1945 3796 est

599 3840 945 3923 Virginum
978 3840 1203 3924 culpae.
1292 3840 1672 3923 Vigilansne
1703 3844 1882 3926 ploro

601 3951 811 4034 Turpe
841 3950 1301 4014 commissum?
1348 3973 1431 4015 an
1454 3953 1623 4016 vitiis
1668 3962 1990 4017 carentem

1034 4060 1235 4124 Ludit
1263 4061 1473 4145 imago

897 4249 945 4295 9.
983 4249 1201 4292 stantes.
1335 4248 1415 4294 23.
1452 4250 1753 4296 trementes.

2662 284 2734 337 81

2346 581 2407 609 ιο.
2429 567 2476 608 C.
2496 570 2533 607 3.
2558 568 2603 607 17
2643 569 2702 609 12.

2353 1498 2443 1539 Ori.
2466 1496 2513 1536 C.
2535 1498 2570 1535 1.
2593 1497 2652 1535 28,
2669 1496 2732 1535 21.

2471 1547 2505 1585 E
2541 1578 2549 1585 .
2574 1549 2632 1585 10.
2656 1547 2717 1585 10.

2345 1597 2473 1638 Had.
2495 1559 2543 1637 (ξ.
2567 1598 2601 1636 1.
2617 1597 2745 1643 3.1⁶;

2600 1649 2662 1687 33.
2686 1648 2747 1687 16.

2352 1700 2437 1739 οἱὸ.
2459 1698 2506 1737 C.
2529 1698 2565 1737 1.
2588 1700 2624 1738 7.
2649 1698 2708 1736 15.

2352 1749 2450 1801 lap.
2471 1748 2520 1789 C.
2542 1750 2577 1788 1.
2598 1750 2634 1788 3.
2657 1750 2693 1787 4.

2353 1992 2459 2030 Aac.
2481 1988 2527 2029 C.
2549 1990 2585 2029 3.
2606 1990 2643 2027 3.
2665 1989 2702 2026 4.

2359 2563 2439 2604 bel.
2461 2564 2509 2604 C.
2530 2565 2567 2603 4.
2593 2564 2650 2603 Η.
2673 2563 2734 2602 47,

2362 3321 2426 3359 33.
2451 3307 2528 3358 Ep.
2548 3308 2585 3348 9.
2606 3307 2668 3345 29.
