3025 4776
988 308 1460 366 SATIRARUM
1518 309 1670 366 LIB.
1733 310 1820 366 II.
1889 309 1980 372 vii.
2565 315 2675 371 191

379 466 694 534 Contudit
723 460 1045 549 articulos,
1079 472 1188 554 qui
1220 492 1335 555 pro
1363 492 1432 535 se
1461 474 1716 538 tolleret
1746 479 1941 556 atque

381 582 679 645 Mitteret
708 581 778 644 in
807 581 1102 665 phimum
1132 582 1317 660 talos,
1350 582 1641 647 mercede
1672 583 1904 646 diurna

383 692 795 757 Conductum
824 693 1032 776 pavit:
1082 700 1325 776 quanto
1355 694 1751 782 constantior
1779 694 1984 758 isdem
2271 734 2378 775 μιν,
2400 723 2500 767 s,1‚
2520 726 2559 766 a,
2586 725 2678 767 104,

381 805 466 868 In
494 804 685 882 vitiis,
719 811 902 867 tanto
931 803 1130 867 levius
1160 804 1353 867 miser
1381 825 1455 867 ac
1484 804 1660 888 prior
1687 805 1820 883 illo,

216 893 335 977 'fio
383 915 515 982 Qui
536 915 1030 998 jam‘contentO,
1055 916 1194 999 jam
1222 915 1368 978 laxo
1396 913 1551 979 fune
1579 914 1853 1009 laborat.

378 1027 534 1090 Non
565 1025 734 1088 dices
763 1024 953 1089 hodie
983 1031 1286 1108 quorsum
1314 1024 1454 1090 haec
1481 1033 1617 1089 tam
1645 1025 1870 1110 putida
1896 1026 2188 1105 tendant,
2271 1053 2371 1103 put.
2392 1051 2435 1093 s.
2453 1052 2493 1094 z.
2512 1054 2551 1094 s.
2570 1053 2635 1096 ⁷⁵.

381 1135 670 1199 Furcifer
690 1136 720 1197 ⁴?
788 1135 895 1198 Ad
946 1142 1032 1213 te,
1083 1135 1370 1217 inquam.
1464 1136 1614 1203 Quo
1661 1145 1873 1221 pact0,
1924 1137 2195 1221 pessime
2218 1138 2248 1200 ?

684 1246 941 1310 Laudas

383 1357 735 1421 Fortunam
767 1365 833 1421 et
862 1378 1073 1422 mores
1103 1358 1383 1441 antiquae
1410 1357 1635 1442 plebis,
1668 1365 1734 1422 et
1763 1358 1956 1437 idem,

380 1468 451 1531 Si
484 1468 625 1551 quis
656 1468 735 1530 ad
764 1469 875 1531 illa
906 1467 1062 1532 deus
1091 1468 1305 1533 subito
1334 1476 1401 1533 te
1432 1476 1604 1552 agat,
1636 1490 1838 1552 usque
1867 1491 2139 1548 recuses,
2275 1511 2339 1550 24,
2361 1498 2403 1540 s,
2425 1499 2603 1541 1,1.15,

249 1581 333 1642 25
381 1580 519 1642 Aut
549 1578 700 1661 quia
728 1600 858 1642 non
888 1579 1088 1644 sentis
1118 1579 1287 1662 quod
1318 1578 1555 1642 clamas
1583 1580 1820 1643 rectius
1851 1602 2004 1659 esse,

377 1691 514 1753 Aut
543 1688 695 1773 quia
720 1712 852 1754 non
881 1691 1105 1753 firmus
1136 1697 1380 1753 rectum
1412 1690 1698 1754 defendis
1726 1698 1792 1755 et
1823 1691 2028 1755 haeres

380 1800 792 1883 Nequiquam
822 1819 999 1863 caeno
1030 1799 1295 1883 cupiens
1329 1801 1596 1864 evellere
1625 1800 1933 1884 plantam.

379 1912 603 1974 Romae
632 1932 742 1974 rus
771 1917 952 1994 optas
974 1937 994 1988 3
1042 1911 1373 1974 absentem
1402 1911 1681 1975 rusticus
1711 1912 1940 1975 urbem
2275 1945 2608 1989 ‚3,1;‚1,0,12,

379 2023 575 2086 'Pollis
605 2022 684 2084 ad
716 2029 885 2085 astra
912 2022 1088 2087 levis.
1181 2022 1252 2085 Si
1281 2043 1599 2105 nusquam
1628 2043 1696 2086 es
1724 2022 1889 2087 forte
1917 2033 2180 2089 vocatus

247 2136 336 2197 30
378 2133 482 2211 Ad
513 2154 760 2211 cenam,
791 2133 1012 2197 laudas
1043 2154 1336 2196 securum
1364 2134 1506 2196 olus
1536 2153 1632 2211 ac,
1665 2133 1837 2197 velut
1875 2156 2143 2218 usquam

378 2244 655 2308 Vinctus
685 2265 810 2322 eas,
843 2244 938 2307 ita
965 2251 1030 2307 te
1060 2244 1310 2307 felicem
1343 2243 1500 2308 dicis
1531 2265 1854 2328 amasque,

379 2355 572 2422 Quod
600 2376 920 2438 nusquam
949 2354 1071 2419 tibi
1101 2353 1184 2417 sit
1214 2354 1603 2438 potandum.
1690 2356 1731 2419 J
1734 2356 1964 2421 usserit
1995 2356 2075 2420 ad
2105 2380 2171 2422 se

378 2466 701 2531 Maecenas
732 2488 946 2531 serum
977 2466 1095 2529 sub
1125 2465 1373 2528 lumina
1399 2467 1607 2549 prima
1636 2468 1852 2531 venire
2274 2493 2374 2533 zum.
2397 2493 2447 2534 E.
2469 2496 2506 2536 2.
2527 2496 2565 2535 2.
2587 2496 2652 2536 os.

376 2578 759 2642 Convivam:
806 2568 1066 2640 Nemon
1096 2575 1307 2639 oleum
1337 2576 1463 2641 fert
1493 2578 1717 2641 ocius?
1765 2579 1982 2662 ecquis

243 2690 330 2751 35
381 2688 583 2752 Audit
606 2689 636 2751 ?
682 2709 829 2752 cum
860 2709 1095 2770 magno
1126 2687 1402 2751 blateras
1432 2687 1707 2753 clamore
1737 2690 2052 2774 fugisque.

376 2798 662 2863 Mulvius
690 2806 757 2862 et
786 2819 1019 2862 scurrae
1051 2798 1170 2861 tibi
1200 2819 1330 2861 non
1359 2798 1690 2863 referenda
1717 2801 1959 2884 precati
2270 2801 2658 2886 ,mg-1351&

375 2910 749 2975 Discedunt.
842 2909 1107 2974 Etenim
1135 2909 1341 2972 fateor
1368 2931 1494 2988 me,
1527 2910 1758 2975 dixerit
1787 2912 1917 2991 ille,

375 3022 545 3085 Duci
571 3029 794 3086 ventre
824 3022 1047 3097 levem,
1079 3042 1307 3083 nasum
1338 3020 1561 3084 nidore
1590 3023 1874 3105 supinor,

375 3131 766 3209 Imbecillus,
800 3132 987 3209 iners,
1021 3131 1074 3193 si
1104 3130 1259 3213 quid
1289 3131 1402 3209 vis,
1437 3130 1622 3209 adde,
1653 3133 1893 3217 popino
1918 3161 1937 3213 ς

240 3243 330 3303 40
373 3243 472 3304 Tu
502 3263 650 3305 cum
679 3241 766 3304 sis
795 3241 965 3324 quod
994 3263 1113 3323 ego
1143 3251 1208 3305 et
1237 3241 1522 3305 fortassis
1553 3243 1842 3325 nequior,
1875 3245 2046 3309 ultro

373 3353 695 3416 Insectere
723 3353 899 3416 velut
929 3352 1154 3415 melior
1182 3352 1514 3435 verbisque
1546 3352 1789 3416 decoris

372 3463 687 3527 Obvolvas
715 3462 993 3527 vitium?
1045 3462 1239 3540 Quid,
1273 3463 1327 3527 si
1357 3485 1461 3526 me
1489 3464 1749 3528 stultior
1777 3465 1914 3548 ipso

375 3575 765 3658 Quingentis
795 3584 1013 3658 empto
1045 3573 1362 3637 drachmis
1392 3573 1803 3658 deprenderis
1826 3577 1856 3637 ’Β
1947 3578 2151 3641 Aufer

370 3686 486 3748 Me
513 3686 698 3748 vultu
726 3694 964 3749 terrere
986 3711 1005 3763 3
1054 3706 1317 3747 manum
1349 3685 1884 3768 stomachumque
1914 3695 2153 3768 tenetO,

238 3800 323 3859 45
371 3797 548 3860 Dum
579 3818 721 3879 quae
752 3795 1029 3878 Crispini
1059 3794 1275 3858 docuit
1305 3816 1410 3857 me
1433 3793 1680 3877 janitor
1707 3795 1848 3861 ed0.
2266 3828 2358 3871 crs,
2381 3830 2422 3871 s,
2445 3831 2480 3872 ι,
2502 3831 2539 3872 1,
2562 3831 2650 3872 120,

369 3908 460 3971 'I'e
491 3908 725 3990 conjux
757 3907 964 3969 aliena
992 3905 1182 3990 capit,
1216 3905 1625 3969 meretricula
1655 3906 1946 3970 Davum:

369 4020 604 4082 Peccat
632 4024 778 4080 uter
804 4024 1099 4080 nostrum
1130 4036 1314 4080 cruce
1345 4015 1653 4098 dignius?
1743 4018 1930 4081 Acris
1959 4017 2072 4081 ubi
2095 4039 2197 4081 me

252 4114 265 4127 ’
365 4129 623 4191 Natura
653 4126 957 4205 intendit,
988 4126 1110 4190 sub
1141 4126 1312 4190 clara
1340 4124 1516 4189 nuda
1543 4126 1805 4191 lucerna

332 4300 412 4351 27.
448 4300 809 4363 nequicquam,
833 4300 1200 4362 nequidquam.
1334 4298 1415 4344 34.
1452 4296 1605 4346 seret.
1740 4298 1820 4346 35.
1855 4297 2100 4360 furisque.

2180 4411 2220 4458 P
2241 4414 2274 4461 2
