3025 4776
392 303 500 359 128

385 720 422 761 ς.
446 710 527 761 Ep.
549 714 585 751 5.
606 713 668 751 46.

389 1035 476 1077 Tel.
498 1036 548 1077 A.
574 1036 617 1077 P.
639 1038 703 1077 96.

384 1593 445 1630 ¹3-
468 1580 517 1620 C.
539 1581 660 1622 1.10.
682 1581 744 1620 14.

385 1812 444 1853 ις.
468 1804 516 1844 E.
539 1804 575 1843 l.
595 1806 631 1844 2.
653 1805 715 1845 23.

382 2359 465 2402 ino.
486 2360 533 2402 C.
555 2362 591 2402 3.
612 2361 651 2402 6.
672 2362 737 2403 30.

385 2925 446 2967 ις.
468 2916 515 2956 ο.
537 2917 574 2956 2.
596 2917 656 2956 ιε.
681 2916 743 2955 15.

384 3261 487 3302 Sab.
511 3260 551 3301 Β.
575 3261 609 3300 l.
631 3263 668 3300 9.
690 3262 753 3301 29.

384 3378 504 3418 Mar.
526 3377 605 3427 Ep.
627 3378 662 3416 5.
684 3376 745 3415 76.

386 3586 497 3626 Her.
520 3584 601 3634 Ep.
622 3585 660 3624 3.
683 3584 744 3623 17.

391 4031 484 4073 coz.
506 4030 553 4069 c,
574 4030 611 4067 2.
634 4029 694 4066 13.
717 4029 754 4065 s.

490 4080 570 4130 Ep.
592 4083 629 4120 ῡ.
643 4081 708 4128 24,
719 4078 783 4116 62.

1183 305 1245 379 Q.
1292 306 1608 363 HORATI
1641 307 1928 364 FLACCI

983 471 1110 533 Per
1137 478 1203 534 et
1232 471 1459 535 Dianae
1490 493 1622 534 non
1651 472 1964 535 movenda
1993 473 2280 550 numina,

984 582 1108 644 Per
1138 587 1329 664 atque
1358 582 1554 645 libros
1585 584 1943 646 carminum
1975 584 2324 647 valentium

984 693 1207 757 Refixa
1235 693 1391 756 caelo
1419 692 1724 757 devocare
1755 693 1980 770 sidera,
2235 688 2246 695 ’

982 801 1269 878 Canidia,
1304 822 1488 884 parce
1519 802 1778 866 vocibus
1808 803 2069 866 tandem
2100 804 2314 881 sacris,

983 913 1330 995 Citumque
1360 921 1533 976 retro
1562 913 1750 989 solve,
1784 913 1955 976 solve
1984 913 2328 977 turbinem.

980 1023 1195 1087 Movit
1225 1031 1522 1105 nepotem
1552 1023 1869 1105 Telephus
1899 1023 2233 1102 Nerei'um,

981 1134 1065 1196 In
1096 1154 1286 1216 quem
1316 1133 1626 1216 superbus
1656 1133 1978 1197 ordinarat
2009 1135 2266 1216 agmina

979 1242 1342 1324 Mysorum,
1373 1248 1439 1303 et
1467 1241 1538 1303 in
1569 1262 1759 1324 quem
1789 1242 1918 1304 tela
1947 1250 2135 1305 acuta
2163 1248 2452 1304 torserat.
2721 1243 2802 1302 10

2761 698 2797 754 (ss

872 1438 875 1443 .
984 1354 1244 1417 Unxere
1274 1359 1509 1414 matres
1542 1352 1684 1415 Iliae
1716 1351 2047 1415 addictum
2078 1351 2225 1415 feris

978 1464 1261 1526 Alitibus
1292 1470 1484 1544 atque
1516 1461 1780 1525 canibus
1810 1461 2197 1524 homicidam
2232 1462 2603 1536 Hectorem,

980 1574 1329 1652 Postquam
1359 1571 1598 1633 relictis
1628 1570 1948 1633 moenibus
1976 1592 2085 1632 rex
2117 1570 2388 1651 procidit

980 1680 1133 1743 Heu
1161 1679 1174 1741 l
1226 1679 1565 1761 pervicacis
1596 1678 1675 1741 ad
1703 1680 1892 1761 pedes
1922 1680 2222 1742 Achillei.

981 1791 1207 1851 Setosa
1235 1787 1409 1850 duris
1438 1808 1667 1850 exuere
1698 1788 1964 1869 pellibus
2721 1793 2796 1851 15

978 1898 1312 1963 Laboriosi
1341 1898 1611 1979 remiges
1645 1898 1882 1974 Ulixei)
1960 1926 1965 1931 ·

975 2008 1255 2073 Volente
1286 2008 1490 2084 Circa,
1526 2009 1816 2070 membra
1838 2033 1856 2084 3
1904 2015 2061 2069 tunc
2093 2027 2272 2070 mens
2304 2014 2368 2070 et
2399 2027 2593 2069 sonus

980 2118 1312 2202 Relapsus,
1346 2124 1537 2199 atque
1566 2125 1758 2179 notus
1790 2116 1856 2179 in
1886 2117 2094 2179 voltus
2124 2115 2347 2179 honor.

977 2231 1147 2295 Dedi
1166 2230 1331 2295 satis
1360 2251 1677 2312 superque
1707 2250 2038 2312 poenarum
2070 2228 2210 2306 tibi,

979 2345 1217 2407 Amata
1245 2340 1458 2404 nautis
1488 2340 1768 2403 multum
1799 2348 1864 2403 et
1894 2339 2312 2404 institoribus.
2710 2340 2802 2402 20

980 2452 1173 2534 Fugit
1196 2453 1515 2535 juventas,
1550 2459 1615 2512 et
1646 2449 2037 2513 verecundus
2070 2450 2240 2513 color

978 2564 1267 2646 Reliquit
1297 2584 1441 2626 ossa
1471 2562 1635 2645 pelle
1668 2562 1906 2625 amicta
1935 2561 2142 2624 lurida
2163 2589 2183 2639 3

981 2674 1135 2738 Tuis
1166 2673 1430 2756 capillus
1462 2673 1643 2736 albus
1675 2681 1771 2736 est
1800 2672 2121 2749 odoribus,

979 2785 1256 2871 Nullum
1288 2806 1324 2846 a
1356 2783 1572 2846 labore
1602 2804 1706 2846 me
1737 2782 2004 2846 reclinat
2035 2783 2260 2846 otium.

982 2896 1191 2976 Urget
1221 2894 1389 2957 diem
1420 2914 1570 2969 nox,
1602 2901 1667 2955 et
1698 2892 1831 2955 dies
1863 2901 2142 2971 noctem,
2175 2912 2382 2974 neque
2412 2898 2509 2954 est
2714 2894 2796 2953 25

978 3005 1221 3069 Levare
1250 3011 1433 3066 tenta
1462 3003 1693 3085 spiritu
1723 3003 2086 3084 praecordia.

918 3127 931 3136 “
980 3116 1153 3197 Ergo
1182 3122 1487 3195 negatum
1518 3114 1737 3177 vincor
1766 3121 1840 3175 ut
1871 3113 2125 3175 credam
2156 3113 2366 3189 miser,

984 3225 1239 3288 Sabella
1267 3232 1489 3306 peetus
1520 3223 1844 3304 increpare
1874 3223 2177 3298 carmina,

983 3338 1319 3418 Caputque
1349 3334 1573 3396 Marsa
1603 3332 1870 3395 dissilire
1900 3332 2108 3396 nenia.

984 3447 1160 3514 Quid
1191 3446 1462 3527 amplius
1494 3445 1638 3507 vis?
1733 3445 1790 3506 Ο
1823 3464 1996 3506 mare
2027 3452 2092 3506 et
2122 3450 2293 3504 terra
2321 3443 2334 3504 l
2389 3444 2598 3519 arde0,
2719 3445 2804 3504 30

986 3562 1322 3626 Quantum
1357 3579 1564 3638 neque
1596 3565 1736 3619 atro
1767 3555 2087 3618 delibutus
2122 3554 2434 3617 Hercules

981 3669 1174 3735 Nessi
1205 3689 1450 3744 eruore,
1483 3689 1601 3729 nec
1634 3668 1865 3728 Sicana
1895 3665 2133 3727 fervida

984 3780 1217 3844 Virens
1244 3777 1315 3839 in
1346 3779 1550 3840 AEtna
1580 3777 1837 3838 flamma
1856 3803 1875 3852 3
1924 3782 2019 3852 tu,
2053 3773 2254 3836 donec
2299 3775 2459 3837 cinis

985 3889 1322 3971 Injuriosis
1354 3887 1568 3950 aridus
1601 3887 1805 3948 ventis
1834 3886 2022 3961 ferar,

985 4001 1172 4065 Cales
1202 3999 1457 4062 venenis
1486 3998 1738 4061 officina
1774 3996 2111 4060 Colchicis.
2720 3997 2803 4057 35

987 4112 1150 4179 Quae
1179 4108 1344 4186 finis„
1376 4117 1488 4170 aut
1519 4106 1688 4189 quod
1719 4086 1823 4168 me
1854 4112 2071 4168 manet
2101 4103 2489 4186 stipendium
2513 4104 2542 4164 Ῥ

815 4252 893 4302 11.
927 4250 1122 4298 luxere.
1255 4247 1332 4296 18.
1358 4245 1572 4293 relat-us.
1705 4244 1786 4289 24.
1821 4243 1902 4299 ab,
1921 4240 2035 4303 [O.]
2175 4241 2254 4289 25.
2280 4244 2468 4302 urguet
2483 4261 2495 4298 ;
2524 4239 2547 4288 Ρ
2571 4246 2806 4303 nequest.

1511 4313 1591 4356 30.
1629 4309 1794 4356 mare!
1836 4308 1878 4355 Ο
1903 4308 2073 4355 terra!
