3025 4776
422 316 531 375 176
1258 312 1323 388 Q.
1381 316 1699 375 HORATI
1747 315 2034 375 FLAOOI

846 475 1051 542 Latus
1080 484 1156 541 ut
1183 478 1254 541 in
1286 479 1472 543 Circo
1502 481 1773 563 spatiere
1804 490 1869 544 et
1900 485 2132 544 afineus
2161 488 2237 543 ut
2266 489 2414 559 stes,

846 587 1078 650 Nudus
1108 589 1297 670 agris,
1327 589 1539 652 nudus
1568 591 1869 668 nummis,
1902 591 2143 668 insane,
2175 591 2455 674 paternis
2475 616 2497 668 3

847 698 1105 761 Scilicet
1134 704 1211 761 ut
1239 699 1517 782 plausus,
1552 722 1710 782 quos
1739 700 1866 764 fert
1896 702 2202 784 Agrippa,
2236 701 2402 764 feras
2442 709 2539 779 tu,
2721 704 2843 765 185

844 810 1085 872 Astuta
1113 810 1468 892 ingenuum
1498 813 1712 895 volpes
1740 812 1994 875 imitata
2021 813 2292 876 leonem.

843 920 949 982 Ne
981 920 1122 1003 quis
1149 921 1449 984 humasse
1478 922 1632 985 velit
1662 923 1950 1004 Ajacem,
1983 922 2236 1001 Atrida,
2269 929 2445 985 vetas
2474 924 2637 985 cur?

846 1032 984 1094 Rex
1016 1053 1179 1093 sum.
1271 1031 1389 1094 Nil
1418 1031 1589 1094 ultra
1619 1053 1833 1114 quaero
1864 1032 2165 1114 plebeius.
2257 1035 2345 1096 Et
2375 1053 2624 1115 aequam

847 1143 1010 1204 Rem
1042 1141 1338 1224 imperito
1362 1168 1381 1219 ς
1430 1162 1502 1204 ac
1534 1142 1587 1204 si
1617 1141 1719 1204 cui
1750 1142 1965 1206 videor
1992 1164 2122 1206 non
2146 1143 2386 1225 justus,
2418 1143 2626 1206 inulto

846 1253 1078 1316 Dicere
1110 1251 1278 1333 quod
1308 1250 1504 1314 sentit
1533 1252 1859 1333 permitto,
1953 1252 2239 1316 Maxime
2269 1274 2518 1336 regum,
2722 1256 2846 1317 190

847 1361 934 1426 Di
965 1361 1085 1425 tibi
1115 1360 1270 1425 dent
1301 1368 1488 1444 capta
1518 1361 1783 1424 classem
1816 1360 2126 1425 deducere
2159 1362 2351 1445 Troja
2379 1363 2393 1425 !

845 1472 1019 1553 Ergo
1050 1470 1379 1535 consulere
1408 1477 1474 1534 et
1506 1491 1652 1534 mox
1685 1472 2062 1554 respondere
2091 1449 2362 1535 licebit?

847 1580 1145 1644 Consule.
1237 1580 1371 1643 Cur
1400 1580 1590 1662 Ajax,
1622 1579 1810 1642 heros
1841 1580 1920 1643 ab
1951 1580 2205 1643 Achille
2236 1580 2572 1659 secundus,

847 1690 1154 1768 Putescit,
1187 1690 1424 1752 totiens
1455 1690 1720 1753 servatis
1751 1690 1958 1753 clarus
1988 1690 2268 1767 Achivis,

849 1800 1144 1865 Gaudeat
1173 1806 1250 1863 ut
1281 1801 1553 1883 populus
1582 1800 1825 1864 Priami
1857 1800 2276 1882 Priamusque
2306 1800 2664 1876 inhumatO,
2717 1804 2840 1864 195

846 1913 973 1974 Per
1004 1931 1194 1994 quem
1225 1919 1324 1974 tot
1346 1911 1616 1993 juvenes
1647 1912 1856 1994 patrio
1885 1931 2141 1973 caruere
2171 1911 2505 1993 sepulcro?

846 2021 1033 2083 Mille
1063 2021 1278 2084 ovium
1308 2020 1569 2084 insanus
1599 2021 1791 2084 morti
1821 2020 2018 2097 dedit,
2049 2019 2364 2082 inclutum
2397 2021 2640 2085 Ulixen

842 2133 932 2194 Et
963 2132 1334 2194 Menelaum
1367 2153 1498 2194 una
1527 2152 1781 2193 mecum
1811 2153 1878 2194 se
1908 2130 2190 2194 occidere
2222 2131 2521 2194 clamanS.

843 2244 944 2306 'I'u
975 2264 1124 2306 cum
1155 2264 1268 2325 pro
1296 2243 1497 2305 vitula
1527 2242 1758 2304 statuis
1789 2240 2040 2303 dulcem
2071 2240 2305 2304 Aulide
2333 2249 2551 2303 natam

844 2355 1017 2417 Ante
1049 2373 1189 2415 aras
1218 2351 1586 2435 spargisque
1616 2350 1785 2413 mola
1813 2355 2023 2432 caput,
2055 2350 2366 2434 improbe,
2397 2351 2582 2430 salsa,
2715 2355 2846 2417 200

847 2466 1124 2527 Rectum
1154 2464 1351 2526 animi
1381 2462 1640 2525 servas?
1732 2461 2106 2527 Quorsum?
2198 2463 2475 2526 Insanus
2498 2463 2651 2545 quid
2671 2464 2842 2526 enim

1194 2575 1359 2657 Ajax

846 2685 1046 2763 Fecit,
1079 2706 1226 2748 cum
1257 2684 1484 2747 stravit
1512 2683 1681 2747 ferro
1711 2684 1950 2767 pecus?
2046 2683 2376 2747 Abstinuit
2407 2683 2534 2746 vim

844 2796 1061 2858 Uxore
1092 2801 1158 2857 et
1188 2802 1384 2883 gnato
1411 2820 1424 2857 :
1471 2794 1643 2858 mala
1672 2795 1878 2857 multa
1907 2801 2197 2876 precatus
2227 2794 2492 2870 Atridis,

842 2903 999 2966 Non
1027 2904 1134 2966 ille
1165 2912 1276 2966 aut
1305 2905 1624 2967 Teucrum
1655 2910 1766 2967 aut
1797 2904 2005 2986 ipsum
2037 2903 2292 2966 violavit
2323 2904 2579 2967 Ulixen.

842 3015 1088 3077 Verum
1120 3035 1259 3096 eg0,
1293 3021 1366 3077 ut
1395 3014 1714 3077 haerentes
1744 3013 2006 3077 adverso
2036 3014 2222 3077 litore
2253 3035 2445 3076 naves
2714 3016 2841 3077 205

417 3139 806 3228 pru-{2132}
844 3124 1193 3207 Eriperem,
1227 3123 1507 3207 prudens
1537 3123 1780 3207 placavi
1811 3124 2121 3206 sanguine
2151 3124 2348 3187 divos.

592 3220 600 3230 ’
650 3220 658 3228 ’
707 3220 716 3229 ’
791 3218 800 3228 ’
843 3233 1097 3318 Nempe
1128 3240 1266 3313 tuo,
1296 3233 1553 3296 furiose.
1645 3234 1821 3310 Meo,
1856 3233 1966 3296 sed
1996 3254 2126 3296 non
2156 3233 2452 3299 furiosus,

847 3345 979 3411 Qui
1008 3343 1248 3427 species
1278 3343 1432 3405 alias
1462 3342 1627 3406 veris
1658 3342 2034 3426 scelerisque
2063 3344 2351 3406 tumultu

846 3456 1203 3518 Permixtas
1233 3453 1459 3535 capiet,
1494 3460 1854 3516 commotus
1883 3454 2229 3517 habebitur
2255 3480 2270 3529 ;
2319 3462 2512 3536 atque

847 3564 1221 3628 Stultitiane
1250 3570 1441 3640 erret,
1471 3563 1747 3625 nihilum
1778 3563 2060 3642 distabit,
2095 3586 2178 3627 an
2207 3564 2302 3626 ira
2328 3590 2341 3627 ε
2716 3570 2849 3630 210

844 3678 1009 3759 Ajax
1042 3697 1189 3737 cum
1218 3674 1573 3738 immeritos
1603 3675 1855 3752 occidit,
1887 3676 2136 3758 desipit,
2170 3697 2366 3757 agnos
2388 3702 2408 3753 5

846 3788 1013 3850 Cum
1043 3784 1321 3868 prudens
1352 3786 1556 3849 scelus
1585 3785 1667 3848 ob
1699 3786 1923 3849 titulos
1954 3786 2241 3849 admittis
2270 3787 2509 3863 inanes,

850 3899 997 3960 Stas
1029 3896 1243 3960 animo
1276 3903 1340 3959 et
1369 3917 1604 3978 purum
1636 3903 1733 3959 est
1761 3897 1917 3960 vitio
1949 3897 2091 3974 tibi,
2146 3918 2293 3960 cum
2346 3897 2668 3959 tumidum
2723 3908 2845 3977 cst,

1195 4000 1348 4061 cor?

852 4111 923 4175 Si
955 4110 1097 4193 quis
1125 4109 1353 4172 lectica
1382 4108 1655 4171 nitidam
1686 4118 1936 4193 gestare
1967 4117 2139 4173 amet
2167 4131 2423 4192 agnam,

852 4225 963 4271 183.
1000 4227 1093 4269 aut
1117 4236 1307 4278 anneus,
1338 4220 1508 4281 (male,
1535 4237 1579 4267 v.
1605 4222 1776 4280 Bent.)
1950 4222 2060 4269 189.
2097 4226 2154 4267 at
2179 4221 2237 4267 si.
2410 4220 2521 4267 191.
2546 4220 2809 4268 reducere.

920 4290 1028 4334 194.
1065 4288 1333 4348 putrescit.
1471 4284 1583 4335 197.
1621 4287 1888 4346 inclytum.
2039 4288 2150 4333 212.
2188 4286 2304 4334 Tu..
2345 4300 2518 4333 ...cum
2535 4286 2777 4333 admittis

1164 4354 1327 4409 (Bcnt.
1355 4353 1505 4411 σοφή.)
1645 4352 1757 4398 213.
1796 4351 2116 4411 Ppurumstg
2155 4351 2486 4397 tumidumst.
