3025 4776
970 260 1414 318 CARMINUM
1485 258 1640 317 LIB.
1683 261 1805 317 III.
1852 259 2001 317 xxiv.
2607 261 2677 319 77

304 429 343 488 5
485 406 502 424 ’
520 425 667 490 Nec
695 424 1096 509 pestilentem
1133 424 1366 488 sentiet
1395 425 1691 489 Africum

522 535 825 601 Fecunda
852 534 1020 612 vitis,
1052 554 1171 597 nec
1202 534 1484 598 sterilem
1514 557 1694 619 seges

610 644 1019 728 Robiginem‚
1053 653 1165 708 aut
1196 646 1410 708 dulces
1440 646 1685 709 alumni
2287 674 2377 715 αι...
2399 667 2648 711 c.s.18.⁴.

696 754 1019 819 Pomifero
1049 775 1238 837 grave
1267 763 1521 839 tempus
1550 777 1738 821 anno.
2287 777 2324 816 ε.
2339 773 2393 863 ξ.
2401 773 2452 863 ἓ.
2459 771 2538 863 ⁶1⁴3
2542 769 2620 861 9¹.⁵'

523 892 721 969 Nam,
757 912 896 973 quoe
927 889 1122 952 nivali
1150 889 1438 973 pascitur
1462 891 1700 974 Algido
2287 855 2387 955 ΑΙ).
2410 902 2457 942 c.
2478 903 2521 994 k
2535 902 2668 993 131668..

272 1007 352 1067 10
527 1004 777 1066 Devota
806 1022 1076 1085 quercus
1105 1000 1276 1064 inter
1304 1010 1370 1064 et
1399 1001 1596 1080 ilices,
2483 1034 2492 1045 ·

613 1113 752 1175 Aut
783 1111 1009 1174 crescit
1040 1110 1308 1174 Albanis
1337 1111 1406 1173 in
1434 1111 1668 1191 herbis,

700 1222 1008 1300 Victima,
1041 1221 1416 1305 pontificum
1446 1243 1698 1287 secures
1779 1270 1786 1276 -

530 1356 790 1422 Cervice
819 1356 1049 1439 tinget.
1139 1357 1229 1420 're
1260 1355 1421 1418 nibil
1451 1357 1685 1421 attinet

530 1471 869 1552 Temptare
900 1469 1107 1532 multa
1136 1467 1308 1532 caede
1345 1468 1704 1533 bidentium

279 1582 357 1641 15
623 1581 858 1643 Parvos
887 1588 1302 1642 coronantem
1331 1580 1581 1644 marino

709 1691 881 1753 Rore
911 1689 1063 1752 deos
1090 1690 1426 1772 fragilique
1455 1698 1690 1773 myrto.

535 1825 856 1888 Immunis
888 1846 1066 1888 aram
1095 1825 1148 1888 si
1176 1825 1392 1906 tetigit
1422 1847 1676 1904 manus,

536 1937 692 2000 Non
722 1944 1097 2019 sumptuosa
1124 1935 1420 1998 blandior
1447 1936 1663 2000 hostia

626 2046 912 2110 Mollivit
943 2066 1189 2108 aversos
1221 2046 1495 2108 Penates
2301 2102 2392 2132 ave.
2415 2090 2494 2141 Ep.
2516 2092 2577 2132 ω,
2600 2091 2661 2132 13·

281 2161 367 2222 20
712 2158 904 2221 Farre
932 2156 1039 2240 pio
1068 2165 1133 2219 et
1164 2157 1430 2220 saliente
1476 2158 1662 2220 mica.

1150 2544 1405 2608 XXIV.

459 2681 772 2744 Ina-Acus
800 2679 1163 2763 opulentior

546 2790 885 2854 Thesauris
914 2790 1203 2855 Arabum
1234 2798 1300 2854 et
1330 2789 1544 2854 divitis
1576 2791 1801 2869 Indiae,
2308 2826 2343 2855 2.
2366 2814 2415 2854 n.
2439 2814 2472 2855 1.
2493 2816 2530 2855 o.
2550 2816 2588 2855 ο.

460 2901 805 2966 Caementis
833 2900 983 2965 licet
1011 2922 1279 2985 occupes

544 3012 895 3075 Terrenum
926 3033 1114 3076 omne
1144 3013 1273 3075 tuis
1304 3021 1369 3076 et
1401 3033 1576 3075 mare
1605 3011 1953 3096 publicum,

336 3125 373 3184 5
465 3122 534 3185 Si
564 3122 705 3205 figit
734 3121 1176 3185 adamantinos

550 3232 832 3296 Summis
864 3233 1202 3296 verticibus
1231 3233 1369 3296 dira
1400 3233 1767 3297 Necessitas
2309 3257 2416 3300 Nec.
2438 3256 2485 3297 o.
2507 3258 2542 3296 1.
2563 3258 2601 3296 a.
2623 3258 2686 3298 ³2.

462 3345 710 3424 Clavoe,
742 3367 872 3408 non
903 3345 1190 3408 animum
1219 3354 1398 3408 metu

544 3456 703 3520 Non
734 3457 955 3519 mortis
984 3455 1227 3538 laqueis
1257 3456 1547 3539 expedies
1577 3462 1789 3539 caput.

465 3567 866 3651 campffitres
896 3567 1123 3630 melius
1155 3566 1435 3649 scythae>
2312 3616 2419 3646 eam.
2442 3605 2489 3645 C.
2511 3606 2550 3644 1.
2573 3606 2636 3644 35.
2656 3604 2696 3643 9.

302 3680 381 3739 10
553 3679 846 3744 Quorum
876 3677 1161 3760 plaustra
1189 3698 1380 3760 vagas
1409 3678 1532 3740 rite
1562 3678 1830 3742 trahunt
1867 3678 2108 3755 domos,

465 3787 729 3864 Vivunt,
764 3795 828 3849 et
857 3786 1045 3870 rigidi
1079 3788 1300 3850 Getae:

554 3902 901 3964 Immetata
930 3902 1159 3984 quibus
1180 3903 1409 3985 jugera
1436 3901 1666 3965 liberas
2314 3930 2427 3971 ann.
2451 3930 2490 3970 s.
2511 3930 2600 3970 az.
2622 3927 2709 3966 ιιι

469 4011 708 4094 Fruges
738 4021 803 4075 et
834 4014 1133 4077 Cererem
1162 4012 1396 4090 ferunt,

554 4123 696 4185 Nec
725 4123 978 4186 cultura
1005 4122 1212 4206 placet
1240 4122 1489 4204 longior
1519 4144 1765 4186 annua:
1797 4209 1798 4212 Ἴ

301 4272 455 4307 xxm.
490 4257 538 4309 7.
573 4262 879 4324 rubiginem,
900 4262 958 4308 B.
1031 4262 1110 4308 13.
1139 4261 1359 4318 tinguet.
1561 4273 1702 4308 xxlv.
1735 4259 1870 4320 Vuly.
1896 4258 2281 4322 Tyrrhenum...

1114 4326 1404 4386 Apulicnm.
2193 4389 2236 4433 H
