3025 4776
933 333 1504 392 EPISTOLARUM
1576 332 1729 390 LIB.
1788 331 1877 390 ΙΙ.
1936 329 1974 387 i.
2574 331 2685 388 237

433 498 596 561 Mox
624 495 906 561 trahitur
934 498 1233 562 manibus
1264 519 1489 580 regum
1518 497 1779 561 fortuna
1805 491 2085 570 retortis,
2285 516 2368 556 ree.
2390 513 2438 560 c.
2459 516 2497 556 s.
2517 516 2554 555 ε.
2575 516 2640 556 22.

435 608 679 672 Esseda
706 608 1037 685 festinant,
1070 609 1335 691 pilenta,
1367 607 1692 691 petorrita,
1724 626 1940 685 naves,
2279 633 2374 683 pet.
2395 631 2437 672 a.
2460 632 2495 672 1.
2515 632 2556 672 ο.
2577 631 2665 673 104.

437 719 780 803 Captivum
808 727 1102 803 portatur
1131 719 1313 797 ebur,
1346 718 1596 802 captiva
1625 716 1999 781 Corinthus·

438 829 507 892 Si
537 829 705 892 foret
733 829 804 892 in
834 828 1042 908 terris,
1069 828 1312 892 rideret
1344 827 1773 904 Democritus,
1802 848 1915 891 seu
2285 839 2409 882 Dem.
2424 838 2473 880 Ε.
2491 839 2604 880 1·12-
2619 839 2681 878 12-

266 941 388 1002 195
436 940 779 1003 Diversum
809 939 1075 1010 confusa
1102 961 1304 1022 genus
1331 939 1645 1022 panthera
1672 938 1937 1014 cameIO,

438 1051 586 1114 Sive
616 1051 869 1134 elephas
900 1050 1082 1114 albus
1112 1049 1278 1133 volgi
1309 1056 1708 1114 converteret
1737 1070 1848 1113 ora
1868 1074 1890 1127 3

438 1163 771 1246 Spectaret
800 1162 1105 1247 populum
1134 1161 1301 1225 ludis
1333 1161 1644 1225 attentius
1670 1161 1849 1244 ipsis,

438 1275 536 1338 Ut
564 1273 687 1337 sibi
716 1273 1109 1357 praebentem
1139 1271 1341 1336 mimo
1369 1271 1732 1356 spectacula
1760 1271 1980 1355 plura3

440 1385 794 1470 Scriptores
825 1393 1041 1450 autem
1070 1405 1330 1448 narrare
1360 1391 1615 1469 putaret
1646 1385 1840 1447 asello

263 1501 394 1562 200
439 1498 765 1562 Fabellam
794 1498 1007 1563 surdo.
1096 1499 1273 1563 Nam
1304 1519 1446 1581 quae
1475 1497 1839 1581 pervincere
1867 1517 2051 1560 voces

435 1607 750 1672 Evaluere
779 1629 1030 1686 sonum,
1062 1608 1350 1671 referunt
1380 1628 1574 1691 quem
1602 1613 1822 1669 nostra
1850 1605 2102 1669 theatra
2120 1606 2151 1669 ⁴?

439 1720 816 1800 Garganum
846 1718 1095 1800 mugire
1125 1724 1309 1801 putes
1339 1737 1568 1780 nemus
1598 1722 1710 1779 aut
1740 1736 1913 1778 mare
1957 1718 2260 1795 Tuscum,
2291 1734 2398 1776 oar.
2418 1735 2467 1777 c.
2486 1736 2528 1778 a.
2546 1737 2584 1776 ο.
2605 1735 2658 1777 ⁷.

438 1827 647 1890 'Panto
676 1847 825 1890 cum
854 1827 1129 1910 strepitu
1156 1826 1294 1890 ludi
1324 1833 1697 1910 spectantur
1725 1835 1791 1889 et
1836 1833 2004 1890 artes
2286 1853 2377 1893 m.
2396 1851 2445 1895 c.
2465 1853 2502 1893 4.
2521 1854 2560 1892 s.
2579 1853 2618 1892 ε.

435 1939 823 2022 Divitiaeque
851 1939 1221 2023 peregrinae,
1253 1937 1485 2024 quibus
1515 1939 1754 2003 oblitus
1784 1946 1962 2002 actor
2287 1966 2371 2009 ou.
2393 1967 2441 2010 ο,
2460 1969 2498 2009 4
2517 1970 2556 2009 0,
2577 1968 2641 2009 η

263 2053 391 2113 205
439 2050 606 2114 Cum
634 2051 813 2113 stetit
842 2050 910 2112 in
939 2071 1149 2129 scena,
1182 2051 1505 2116 concurrit
1536 2050 1794 2115 dextera
1821 2051 2015 2114 laevae.

438 2160 618 2223 Dixit
648 2160 857 2224 adhuc
887 2160 1175 2244 aliquid?
1220 2162 1337 2225 Nil
1368 2183 1541 2226 sane.
1614 2161 1789 2228 Quid
1817 2162 2026 2245 placet
2056 2182 2208 2245 ergo
2230 2162 2260 2224 Ρ

354 2251 621 2378 >Lana
649 2271 996 2336 Tarentino
1023 2273 1224 2336 violas
1254 2273 1509 2336 imitata
1538 2294 1805 2338 veneno·
2289 2291 2377 2333 ²0⁶1-
2398 2281 2446 2322 C·
2465 2283 2504 2321 ³·
2524 2282 2562 2322 ὅ.
2582 2281 2646 2321 28·

436 2386 538 2448 Ac
567 2405 647 2448 ne
675 2383 840 2449 forte
868 2392 1056 2468 putes
1086 2407 1213 2463 me,
1247 2405 1390 2469 quoe
1419 2384 1627 2449 facere
1655 2384 1788 2469 ipse
1819 2405 2129 2463 recusem,
2288 2399 2397 2450 aes-
2427 2398 2536 2440 13-1-
2560 2399 2682 2441 1-13·

439 2496 607 2559 Cum
634 2503 808 2559 recte
836 2502 1118 2569 tractent
1150 2495 1281 2574 alii,
1313 2495 1573 2559 laudare
1605 2496 1882 2579 maligne
1908 2521 1922 2560 ε

262 2608 394 2670 210
442 2606 562 2670 Ille
589 2627 701 2689 per
730 2612 1068 2669 extentum
1095 2604 1316 2668 funem
1347 2603 1506 2666 mihi
1538 2625 1719 2688 posse
1748 2604 2003 2668 videtur

440 2717 547 2780 Ire
576 2719 786 2799 poeta,
819 2735 1036 2778 meum
1066 2713 1177 2796 qui
1207 2720 1430 2796 pectus
1458 2713 1738 2776 inaniter
1768 2714 1967 2797 angit,

439 2825 686 2904 Irritat,
717 2825 975 2903 mulcet,
1008 2823 1184 2887 falsis
1213 2822 1567 2887 terroribus
1595 2823 1842 2907 implet,

442 2937 539 3000 Ut
568 2958 812 3019 magus,
838 2951 904 2999 et
926 2935 1117 2999 modo
1134 2956 1239 2998 me
1262 2934 1523 3014 Thebis,
1547 2935 1739 3000 modo
1758 2936 1939 3019 ponit
1961 2936 2258 3000 Athenis.

437 3049 683 3111 Verum
715 3069 832 3131 age
861 3055 927 3111 et
956 3048 1078 3125 his,
1112 3047 1223 3130 qui
1252 3068 1320 3111 se
1347 3047 1573 3111 lectori
1603 3048 1857 3112 credere
1887 3049 2138 3112 malunt

263 3162 390 3222 215
442 3159 655 3225 Quam
685 3159 1059 3242 spectatoris
1088 3157 1344 3221 fastidia
1371 3158 1537 3222 ferre
1567 3158 1840 3242 superbi,
2279 3168 2376 3220 sas-
2398 3167 2439 3209 S-
2459 3168 2497 3210 ²-
2515 3170 2555 3210 ο.
2575 3170 2639 3211 8⁶·

439 3268 679 3332 Curam
708 3267 899 3331 redde
928 3267 1205 3345 brevem,
1237 3267 1290 3330 si
1321 3288 1557 3331 munus
1585 3268 1882 3351 Apolline
1911 3268 2177 3351 dignum
2290 3289 2402 3339 Apo.
2424 3284 2475 3328 a.
2496 3286 2533 3327 1.
2552 3287 2590 3326 ³.
2606 3286 2667 3326 17.

439 3378 560 3442 Vis
589 3378 905 3462 complere
935 3377 1116 3441 libris
1147 3386 1213 3441 et
1243 3377 1496 3441 vatibus
1527 3378 1758 3442 addere
1788 3379 2015 3457 calcar,

440 3489 536 3551 Ut
564 3488 778 3552 studio
804 3487 1048 3570 majore
1075 3493 1299 3570 petant
1332 3486 1648 3550 Helicona
1674 3487 2003 3551 virentem.

439 3598 661 3662 Multa
691 3599 950 3683 quidem
979 3598 1164 3663 nobis
1194 3599 1464 3663 facimus
1492 3601 1664 3663 mala
1692 3621 1857 3683 saepe
1886 3605 2107 3683 poe'tae,

266 3711 395 3772 220
440 3710 538 3773 Ut
567 3710 781 3773 vineta
810 3718 1064 3792 egomet
1095 3710 1335 3773 caedam
1369 3732 1528 3789 mea,
1564 3731 1711 3774 cum
1741 3712 1861 3775 tibi
1891 3713 2126 3777 librum

442 3819 730 3882 Sollicito
761 3818 987 3882 damus
1017 3827 1129 3883 aut
1159 3818 1326 3883 fesso
1350 3845 1368 3896 3
1417 3840 1563 3883 cum
1595 3821 1911 3901 laedimur,
1944 3845 2150 3887 unum
2294 3840 2381 3870 ²²¹·
2401 3827 2454 3920 ¹2³⁵}

440 3929 510 3992 Si
541 3930 683 4012 quis
714 3929 1067 3993 amicorum
1098 3938 1198 3993 est
1222 3951 1414 3993 ausus
1436 3932 1896 4014 reprehendere
1921 3957 2171 3999 versum
2196 3962 2214 4014 3

439 4038 605 4102 Cum
637 4039 777 4102 loca
796 4038 937 4121 jam
966 4039 1233 4103 recitata
1262 4038 1642 4103 revolvimus
1673 4041 2005 4106 irrevocati
2021 4070 2042 4122 3

440 4148 606 4213 Cum
637 4150 1066 4213 lamentamur
1095 4171 1223 4213 non
1256 4170 1558 4232 apparere
1586 4150 1835 4216 labores

2475 3827 2511 3868 l.
2533 3829 2595 3869 13.
2615 3830 2654 3868 3.

2473 3880 2512 3919 2.
2535 3880 2571 3921 l.
2593 3880 2655 3917 1⁸.

1063 4324 1178 4371 222.
1215 4290 1617 4373 mmicorumjst.
