3025 4776
411 319 525 374 244
1234 314 1302 391 ρ.
1346 315 1664 376 HORATI
1694 314 1984 375 1*onoe

784 469 787 476 ’
843 485 1099 551 Plenior
1126 507 1215 565 es,
1247 494 1466 551 tamen
1496 486 1700 550 uteris
1728 484 2152 550 monitoribus
2180 483 2386 549 isdem
2405 486 2437 548 ἲ

839 597 931 662 At
960 597 1014 661 si
1044 597 1282 663 divitiae
1312 596 1693 680 prudentem
1721 596 1983 661 reddere
2011 602 2291 680 possent,
2707 599 2829 661 155

838 708 911 771 Si
939 707 1240 791 cupidum
1270 707 1697 790 timidumque
1727 707 1940 770 minus
1969 714 2055 784 te,
2091 727 2322 790 nempe
2349 705 2631 785 ruberes,

837 818 1101 882 Viveret
1127 818 1197 881 in
1226 818 1417 883 terris
1447 825 1512 882 te
1542 818 1597 881 si
1628 817 1771 901 quis
1802 816 2045 881 avarior
2071 838 2222 882 uno·

404 951 508 992 pm.
527 941 795 984 aaz-12⁹·
838 928 910 992 Si
939 928 1263 1013 proprium
1293 936 1412 1008 est,
1446 927 1617 1012 quod
1649 927 1792 1011 quis
1819 926 1986 991 libra
2014 933 2335 991 mercatur
2362 935 2430 992 et
2459 949 2582 993 aere
2606 953 2625 1007 3

837 1039 1175 1118 Quaedam,
1206 1039 1260 1102 si
1291 1038 1495 1104 credis
1525 1037 1853 1116 consultis,
1884 1038 2208 1122 mancipat
2236 1059 2429 1103 usus:

836 1150 970 1216 Qui
998 1157 1063 1215 te
1091 1148 1295 1234 pascit
1324 1170 1497 1232 ager,
1531 1155 1683 1211 tuus
1713 1154 1831 1226 est,
1864 1155 1931 1212 et
1959 1148 2186 1212 vilicus
2215 1147 2395 1226 Orbi,
2707 1149 2833 1211 160

835 1262 1005 1326 Cum
1032 1267 1280 1344 segetes
1309 1267 1490 1324 occat
1519 1258 1639 1323 tibi
1668 1280 1819 1323 mox
1847 1258 2172 1323 frumenta
2200 1259 2482 1338 daturas,

833 1376 924 1439 Te
955 1374 1288 1439 dominum
1318 1375 1535 1440 sentit.
1625 1375 1759 1438 Das
1788 1394 2109 1454 nummos,
2142 1375 2372 1459 accipis
2400 1397 2611 1454 uvam,

834 1487 1077 1564 Pullos,
1107 1507 1245 1564 ova,
1279 1485 1510 1550 cadum
1541 1486 1802 1550 temeti:
1849 1507 2081 1570 nempe
2111 1486 2302 1550 modo
2331 1486 2456 1550 isto

838 1596 1157 1660 Paulatim
1188 1596 1488 1660 mercaris
1520 1618 1745 1679 agrum
1776 1596 2044 1661 fortasse
2073 1597 2376 1661 trecentis

833 1709 971 1771 Aut
1001 1707 1195 1771 etiam
1227 1728 1418 1790 supra
1444 1728 1859 1771 nummorum
1889 1708 2149 1772 milibus
2179 1716 2489 1793 emptum.
2700 1710 2825 1771 165

837 1816 1014 1882 Quid
1043 1815 1259 1893 refert,
1290 1815 1463 1880 vivas
1493 1824 1833 1881 numerato
1861 1837 2068 1900 nuper
2098 1839 2180 1880 an
2207 1817 2362 1881 olim
2383 1819 2414 1881 ⁴?

832 1927 1106 2009 Emptor
1135 1924 1385 1989 Aricini
1417 1924 1741 2007 quondam
1771 1925 2067 1989 Veientis
2096 1933 2163 1990 et
2193 1927 2323 1989 arvi

832 2039 1145 2122 Emptum
1175 2044 1362 2101 cenat
1391 2037 1554 2115 olus,
1587 2036 1874 2119 quamvis
1905 2036 2089 2100 aliter
2117 2044 2304 2120 putat
2320 2063 2340 2115 3
2387 2037 2620 2121 emptis

837 2148 973 2214 Sub
1002 2155 1260 2213 noctem
1293 2148 1568 2232 gelidam
1598 2146 1789 2231 lignis
1819 2146 2156 2211 calefactat
2186 2151 2457 2226 aenum3

836 2260 964 2324 Sed
993 2265 1176 2324 vocat
1205 2280 1408 2342 usque
1438 2280 1650 2337 suum,
1685 2280 1810 2342 qua
1840 2258 2110 2342 populus
2140 2258 2343 2322 adsita
2372 2257 2562 2322 certis
2703 2263 2833 2324 170

833 2368 1182 2435 Limitibus
1213 2368 1418 2434 vicina
1449 2368 1687 2452 refugit
1709 2368 1927 2452 jurgia
1947 2395 1967 2447 3
2013 2375 2346 2452 tamquam

835 2482 935 2544 Sit
963 2481 1289 2565 proprium
1320 2480 1685 2564 quicquam,
1716 2462 1958 2564 puncto
1989 2480 2159 2563 quod
2189 2480 2442 2544 mobilis
2484 2481 2657 2545 horae

831 2592 1030 2656 Nunc
1057 2613 1262 2677 prece,
1296 2612 1471 2655 nunc
1500 2591 1730 2676 pretiO,
1761 2612 1938 2655 nunc
1965 2591 2049 2670 vi,
2082 2613 2256 2655 nunc
2288 2600 2494 2657 morte
2534 2615 2835 2678 suprema

833 2706 1166 2772 Pel-mutet
1195 2703 1487 2768 dominos
1518 2710 1585 2767 et
1615 2702 1799 2767 cedat
1828 2703 1898 2766 in
1928 2703 2130 2767 altera
2149 2702 2321 2787 jura.

836 2816 943 2879 Sic
974 2816 1125 2899 quia
1150 2823 1493 2901 perpetuus
1524 2814 1688 2878 nulli
1718 2814 1909 2877 datur
1936 2826 2112 2893 usus,
2146 2823 2211 2879 et
2239 2814 2424 2879 heres
2706 2818 2785 2880 17
2790 2819 2828 2877 5

834 2926 1160 2993 Heredem
1191 2926 1452 2993 alterius
1482 2926 1659 2990 velut
1687 2924 1863 2988 unda
1891 2925 2254 3010 supervenit
2283 2926 2547 3005 undam,

410 3065 752 3120 c-1.13p.1.27.
833 3037 1010 3105 Quid
1038 3038 1159 3102 vici
1188 3045 1457 3124 prosunt
1486 3044 1601 3100 aut
1628 3035 1904 3100 horrea?
1953 3036 2183 3119 quidve
2213 3035 2499 3102 Calabris

835 3149 1118 3214 Saltibus
1148 3148 1380 3232 adjecti
1410 3148 1682 3225 Lucani,
1713 3147 1767 3210 si
1797 3146 1986 3211 metit
2016 3149 2225 3212 Orcus

409 3238 768 3340 ¹⁷⁹'c‘2ll‘rinii3
836 3260 1124 3325 Grandia
1152 3280 1301 3323 cum
1331 3258 1561 3342 parvis,
1593 3280 1726 3321 non
1754 3257 2090 3322 exorabilis
2120 3279 2275 3322 auro
2294 3258 2324 3320 ?

636 3341 698 3383 μ’
717 3344 756 3385 ⁹⁰
835 3372 1159 3449 Gemmas,
1193 3390 1497 3447 marmor,
1533 3368 1712 3446 ebur,
1745 3367 2079 3453 Tyrrhena
2107 3368 2333 3451 sigilla,
2368 3368 2654 3447 tabellas,
2704 3372 2834 3433 180

407 3500 517 3531 ⁰⁸⁸⁸·-
539 3488 586 3532 0-
606 3491 721 3535 8-16-
741 3491 806 3533 85-
832 3482 1217 3564 Argentum,
1250 3487 1458 3543 vestes
1490 3478 1751 3557 Gaetulo
1780 3478 2022 3542 murice
2051 3477 2308 3557 tinctas,

836 3594 1007 3656 Sunt
1035 3589 1145 3673 qui
1175 3610 1305 3654 non
1335 3588 1635 3669 habeant,
1667 3595 1767 3652 est
1798 3588 1910 3675 qui
1939 3609 2069 3652 non
2100 3596 2282 3653 curat
2309 3588 2566 3655 habere.

406 3715 768 3759 eee-B·1-⁷-⁶⁷·
831 3704 965 3767 Cur
994 3702 1158 3765 alter
1188 3700 1461 3763 fratrum
1492 3720 1737 3764 cessare
1766 3706 1833 3763 et
1862 3699 2083 3765 ludere
2113 3707 2180 3764 et
2209 3700 2367 3784 ungi

833 3816 1138 3882 Praeferat
1169 3815 1451 3880 Herodis
1482 3815 1781 3900 palmetis
1811 3814 2181 3900 pinguibus,
2213 3815 2376 3880 alter
2485 3802 2500 3809 ³

830 3927 1027 3991 Dives
1056 3933 1122 3990 et
1151 3925 1559 4009 importunus
1590 3925 1672 3989 ad
1701 3925 1998 3989 umbram
2027 3923 2191 3989 lucis
2221 3924 2302 3989 ab
2331 3932 2480 3990 ortu
2703 3929 2829 3990 185

406 4044 771 4135 ”dl-{¹134}
831 4039 1200 4113 Silvestrem
1232 4035 1507 4098 flammis
1538 4042 1604 4099 et
1632 4035 1801 4100 ferro
1832 4035 2089 4119 mitiget
2120 4057 2371 4118 agrum,

408 4169 513 4215 Gen.
536 4169 584 4259 ἓ.
603 4172 640 4259 3.
659 4166 799 4261 ᾗῇ.
832 4150 969 4214 Scit
1001 4146 1270 4225 Genius,
1305 4144 1519 4209 natale
1550 4166 1762 4209 comes
1794 4147 1901 4229 qui
1932 4153 2248 4231 temperat
2278 4154 2546 4225 astrum,

787 4245 800 4257 υ
828 4279 939 4333 158.
976 4277 999 4327 ἲ
1025 4275 1678 4341 propriumst...mercatus
1688 4275 1883 4389 {³53aeoe
1907 4277 2005 4388 ega.
2124 4274 2239 4325 163.
2275 4275 2427 4329 modo
2447 4276 2549 4337 sto,
2574 4274 2828 4340 (Lachm.)

1789 4374 1801 4386 .
1836 4353 1922 4387 sor
1983 4375 1994 4388 .
