3025 4776
331 309 361 361 s
1143 305 1209 376 Q.
1254 305 1574 363 HORATI
1606 304 1896 362 FLAcoz

312 498 444 548 sm.
461 498 509 539 c,
532 499 567 538 1.
589 498 705 538 Las.
754 472 1057 557 Undique
1087 473 1452 557 decerptam
1482 472 1681 537 fronti
1711 493 2076 558 praeponere
2106 475 2359 539 olivam.

837 584 1185 663 Plurimus,
1217 584 1289 646 in
1318 584 1362 648 J
1363 583 1598 647 unonis
1636 584 1969 662 honorem,

750 698 997 779 Aptum
1027 693 1197 758 dicet
1224 694 1405 777 equis
1433 695 1668 777 Argos,
1699 693 1990 778 ditesque
2018 694 2352 780 Mycenas.

746 844 755 851 -
835 806 953 870 Me
981 825 1103 869 nec
1131 813 1267 868 tam
1294 804 1546 889 patiens
1577 804 2024 885 Lacedaemon,

754 919 894 982 Nec
922 925 1058 981 tam
1088 915 1361 981 Larissae
1388 916 1703 999 percussit
1733 936 1995 1000 campus
2022 916 2270 1001 opimae,

841 1030 1056 1096 Quam
1086 1027 1317 1092 domus
1345 1026 1664 1091 Albuneae
1691 1027 2069 1106 resonantis,
2119 1088 2122 1093 .

334 1143 425 1184 ²¹²⁶·
446 1142 552 1233 αὶ·
566 1142 693 1233 (ᾖξ’-ὅξ-
750 1140 839 1203 Et
867 1159 1146 1223 praeceps
1176 1137 1370 1216 Anio,
1403 1158 1477 1201 ac
1505 1136 1776 1201 Tiburni
1805 1139 1988 1202 lucus
2019 1145 2086 1201 et
2114 1136 2246 1201 uda

320 1280 440 1321 pon.
462 1269 504 1310 s.
522 1269 616 1310 Μ»
633 1268 697 1310 ⁷0.
837 1248 1193 1314 Mobilibus
1222 1247 1508 1332 pomaria
1536 1247 1710 1313 rivis.

328 1370 428 1411 Alb·
449 1369 497 1411 0-
519 1371 558 1411 ⁸·
577 1369 641 1412 2⁷·
662 1370 725 1409 1⁹·
751 1360 960 1426 Albus
988 1367 1065 1423 ut
1093 1358 1363 1422 obscuro
1392 1358 1684 1442 deterget
1712 1358 1936 1424 nubila
1965 1360 2127 1426 coelo

842 1473 1025 1554 Saepe
1053 1471 1290 1548 Notus,
1321 1489 1530 1551 neque
1558 1471 1835 1553 parturit
1862 1472 2101 1537 imbres

330 1607 394 1648 ¹7·
415 1597 661 1698 ‹13:331-15131-13·
752 1583 1111 1666 Perpetuo:
1159 1580 1250 1645 sic
1278 1588 1354 1644 tu
1383 1580 1636 1665 sapiens
1664 1580 1849 1646 finire
1878 1591 2206 1648 memento

487 1679 496 1688 ⁶
569 1679 579 1689 ⁸
651 1676 662 1688 ’
839 1692 1192 1757 Tristitiam
1221 1690 1493 1775 vitaeque
1522 1690 1774 1757 labores

330 1842 450 1884 ..οη
469 1842 517 1883 ο,
536 1844 575 1884 3,
594 1842 708 1883 Μ,
753 1803 967 1882 Molli,
999 1802 1259 1880 Plance,
1291 1823 1491 1882 mero,
1523 1824 1638 1866 seu
1666 1811 1731 1867 te
1759 1802 2077 1888 fulgentia
2103 1804 2303 1889 signis

841 1915 1067 1978 Castra
1093 1919 1342 1993 tenent,
1372 1934 1488 1978 seu
1516 1914 1713 1978 densa
1740 1914 1989 1980 tenebit

336 2058 464 2099 Tm,
484 2057 727 2100 e.1.15.24.
753 2024 1010 2091 Tiburis
1036 2023 1269 2089 umbra
1296 2025 1414 2088 tui.
1505 2027 1749 2090 Teucer
1781 2025 2108 2089 Salamina
2134 2032 2510 2111 patremque

331 2159 440 2210 aaa,
458 2158 642 2251 ἓξὲξ.
664 2159 725 2199 ιο.
843 2138 1067 2204 Quum
1094 2135 1369 2219 fugeret,
1400 2143 1623 2199 tamen
1645 2135 1779 2225 *uda
1807 2136 2006 2220 Lyaeo

543 2239 554 2250 ⁶
627 2240 637 2251 ’
754 2247 1066 2331 Tempora
1092 2246 1364 2330 populea
1391 2244 1597 2309 fertur
1623 2245 1900 2309 vinxisse
1932 2266 2185 2324 corona,

844 2357 954 2422 Sic
980 2356 1197 2421 tristes
1226 2354 1456 2420 affatus
1487 2355 1725 2420 amicos
1752 2381 1767 2421 ε

757 2468 906 2534 Quo
933 2489 1051 2532 nos
1080 2488 1356 2550 cumque
1384 2467 1549 2531 feret
1577 2467 1804 2532 melior
1834 2467 2125 2532 Fort1ma
2152 2474 2440 2550 parente,

842 2577 1115 2657 Ibimus,
1144 2599 1184 2641 o
1212 2577 1369 2641 socii
1399 2577 1811 2661 comitesque.

332 2719 426 2750 aas.
447 2708 495 2752 c.
514 2711 552 2752 s.
573 2709 635 2751 27.
654 2711 693 2751 s.
755 2690 873 2755 Nil
902 2688 1365 2774 desperandum
1395 2691 1641 2753 Teucro
1671 2688 1832 2753 duce
1862 2697 1930 2752 et
1959 2689 2213 2773 auspice
2242 2690 2526 2769 Teucr03
2569 2700 2586 2708 ’

842 2803 1072 2866 Certus
1101 2799 1274 2863 enim
1303 2799 1600 2883 promisit
1629 2798 1864 2883 Apollo

754 2910 1144 2994 Ambiguum
1176 2911 1402 2975 tellure
1431 2931 1599 2974 nova
1629 2908 1955 2973 Salamina
1981 2909 2287 2974 futuram.

846 3023 905 3089 Ο
934 3022 1154 3101 fortes,
1183 3021 1523 3106 pejoraque
1543 3021 1712 3106 passi

756 3133 1022 3196 Mecum
1052 3153 1216 3216 saepe
1244 3132 1382 3210 viri,
1412 3153 1588 3195 nunc
1615 3131 1765 3195 vino
1793 3132 2013 3215 pellite
2043 3153 2230 3196 curas
2251 3157 2273 3212 3

843 3244 1001 3309 Cras
1029 3242 1259 3327 ingens
1287 3240 1665 3306 iterabimus
1695 3262 1934 3325 aequor.

1640 3626 1842 3692 VIII.

758 3752 1004 3828 hrum,
1034 3749 1159 3829 dic,
1192 3771 1304 3834 per
1332 3770 1556 3814 omnes

843 3863 936 3926 Te
965 3861 1115 3925 deos
1143 3881 1275 3940 oro,
1311 3861 1587 3946 Sybarin
1617 3880 1732 3924 cur
1758 3879 2052 3943 properes
2083 3859 2358 3923 amando

337 4009 410 4049 ap.
432 4000 483 4040 A.
507 3997 553 4039 ι’.
573 3998 662 4039 162.
760 3971 1031 4036 Perdere
1053 3972 1083 4034 ⁴?
1129 3991 1244 4034 cur
1270 3970 1557 4055 apricum

845 4086 1074 4152 Oderit
1102 4085 1438 4169 Campum,
1468 4083 1720 4168 patiens
1748 4085 2025 4168 pulveris
2056 4092 2248 4169 atque
2280 4083 2433 4149 solis
2456 4083 2487 4146 Ῥ

2670 810 2752 870 10

2671 1366 2748 1426 15

2665 1920 2754 1980 20

2667 2472 2750 2532 25

2668 3028 2757 3088 30

889 4258 936 4305 9.
976 4257 1119 4305 dicit.
1255 4254 1334 4303 16.
1359 4254 1604 4311 detergit,
1632 4253 1695 4300 K.
1833 4252 1911 4302 17.
1935 4255 2235 4316 perpetuos.
2371 4253 2452 4300 24.
2489 4254 2678 4302 tristis.

1367 4323 1414 4368 2.
1453 4320 1564 4367 Hoc
1590 4320 1730 4378 deos,
1759 4320 1821 4367 K.
1888 4329 2148 4380 properas.
