3025 4776
260 1745 352 1843 ιο

276 2326 356 2388 15

284 3506 367 3568 25

289 4083 379 4145 30

393 4229 442 4279 3.
476 4227 731 4290 vulgatas.

1002 281 1444 345 CARMJNUM
1519 257 1671 337 m.
1716 280 1824 336 JV.
1869 278 1943 335 ix.

1190 556 1315 620 IX.

510 701 624 764 Nn
654 699 821 763 forte
850 695 1067 760 credas
1094 691 1461 767 interitura,
1494 709 1661 772 quae,

513 812 739 894 Longe
768 813 1101 872 sonantem
1130 809 1321 867 natus
1350 800 1432 865 ad
1459 798 1792 877 Aufidum,

598 921 757 984 Non
786 924 936 982 ante
964 915 1249 999 volgatas
1276 932 1391 997 per
1413 917 1584 975 artes

685 1028 906 1093 Verba
931 1026 1159 1110 loquor
1185 1022 1486 1089 socianda
1514 1018 1771 1085 chordis
1792 1043 1813 1097 ς

514 1165 695 1239 Νοιι,
726 1161 781 1226 si
811 1160 1050 1246 priores
1079 1157 1404 1223 Maeonius
1424 1162 1605 1220 tenet

519 1272 717 1338 Sedes
749 1273 1097 1348 Homerus,
1129 1265 1488 1333 Pindaricae
1518 1265 1744 1342 latent,

606 1384 903 1466 Ceaeque,
934 1387 1001 1464 et
1027 1377 1230 1447 Aleaei
1258 1376 1561 1452 minaces,

696 1489 1170 1571 Stesichorique
1199 1506 1421 1571 graves
1448 1485 1791 1550 Camenae:

519 1628 685 1708 Nec,
717 1627 773 1692 si
803 1626 958 1727 quid
985 1624 1141 1690 olim
1171 1622 1323 1687 lusit
1350 1622 1713 1715 Anacreon,

522 1739 777 1804 Delevit
805 1745 998 1802 aetas.
1046 1734 1244 1819 spirat
1274 1706 1481 1796 adhuc
1511 1749 1712 1807 amor,

607 1848 1010 1931 Vivuntque
1013 1842 1337 1911 commissi
1365 1841 1610 1906 calores

698 1958 930 2024 AEolise
958 1955 1191 2021 fidibus
1224 1952 1477 2038 puellae.

522 2100 680 2166 Non
707 2098 845 2164 sola
872 2102 1160 2179 comptos
1188 2092 1346 2170 arsit
1383 2087 1659 2154 adulteri

527 2211 773 2289 Crines,
797 2216 864 2274 et
892 2227 1124 2273 aurum
1151 2201 1435 2270 vestibus
1460 2199 1702 2263 initum

614 2321 881 2399 Mirata,
909 2316 1269 2401 regalisque
1296 2311 1507 2377 cultus

701 2433 792 2497 Et
821 2428 1085 2494 comites
1115 2426 1367 2490 Helene
1395 2423 1710 2488 Lacaena:

529 2568 864 2635 Primusve
893 2566 1140 2629 Teucer
1166 2561 1297 2625 tela
1327 2555 1618 2643 Cydonio

533 2677 785 2744 Direxit
813 2697 965 2741 arcu
992 2701 1006 2741 ε
1051 2694 1185 2739 non
1212 2670 1408 2737 semel
1437 2668 1596 2734 Ilios

616 2790 906 2854 Vexata:
950 2805 1085 2849 non
1109 2778 1422 2867 pugnavit
1450 2778 1680 2860 ingens

706 2896 1097 2961 Idomeneus
1127 2889 1548 2955 Sthenelusve
1576 2883 1747 2949 solus

534 3032 827 3101 Dicenda
853 3008 1065 3095 Musis
1093 3025 1356 3112 proelia:
1402 3041 1537 3085 non
1564 3018 1742 3082 ferox

536 3147 805 3222 Hector,
836 3141 936 3206 vel
965 3159 1111 3203 acer
1138 3132 1511 3219 Deiphobus
1543 3126 1752 3213 gravis

619 3252 891 3336 Excepit
918 3249 1087 3314 ictus
1115 3266 1228 3330 pro
1257 3240 1504 3329 pudicis

709 3358 1113 3445 conjugibus
1141 3354 1478 3440 puerisque
1507 3346 1773 3432 primus.

539 3501 775 3566 Vixere
799 3497 999 3561 fortes
1029 3497 1180 3556 ante
1209 3490 1699 3571 Agamemnona

430 3650 435 3653 ’
541 3609 783 3676 Multi:
831 3604 943 3670 sed
971 3621 1194 3669 omnes
1222 3591 1697 3662 illacrimabiles

628 3723 965 3804 Urgent-ur
990 3710 1325 3798 ignotique
1350 3706 1547 3788 longa

715 3829 953 3905 Nocte,
984 3829 1202 3889 carent
1233 3818 1382 3904 quia
1408 3821 1554 3900 vate
1582 3827 1780 3875 sacro,

549 3966 825 4031 Paulum
854 3960 1119 4046 sepultae
1148 3958 1346 4022 distat
1373 3949 1622 4016 inertiae

466 4087 473 4094 ’
552 4077 778 4142 Celata
804 4074 1027 4138 virtus.
1115 4069 1272 4135 Non
1302 4085 1422 4149 ego
1448 4070 1517 4127 te
1546 4056 1707 4123 meis

868 4221 949 4275 15.
983 4219 1201 4283 regales.
1334 4214 1413 4263 1.8
1450 4205 1720 4260 i’derexit.

1090 4281 1174 4336 2⁷.
1208 4281 1518 4343 urguentur.

2297 2567 2400 2609 Teu.
2421 2567 2469 2608 C.
2492 2567 2528 2607 1.
2548 2566 2586 2606 7.
2607 2566 2671 2607 21.

2295 2618 2403 2670 Cyd.
2424 2616 2471 2659 C.
2492 2617 2530 2659 1.
2551 2618 2611 2659 15.
2629 2618 2689 2661 17.

2296 2887 2393 2931 Stk.
2413 2887 2462 2930 C.
2483 2887 2518 2931 1.
2541 2887 2603 2928 16.
2626 2886 2691 2928 21.

2308 3721 2403 3764 ary.
2424 3708 2472 3752 C.
2493 3708 2531 3749 1.
2549 3707 2612 3748 24.
2631 3707 2672 3746 6.
