3025 4776
1061 328 1505 425 CARMINUM-
1574 368 1729 426 ΠΒ.
1768 369 1821 428 I.
1866 369 1964 429 vii.
2251 416 2260 422 .
2690 369 2718 426 7
2809 458 2826 479 x

1274 679 1399 744 VI.
1451 716 1460 726 ·

475 816 843 879 Scalnnats
873 812 1076 879 Vario
1105 814 1292 879 fortis
1320 823 1387 879 et
1411 816 1701 881 hostium

470 925 700 989 Victor
726 924 997 990 Maeonii
1025 925 1325 990 carminis
1353 926 1526 1005 alite,
2326 955 2387 997 αι.
2407 954 2457 998 0.
2475 955 2514 996 2.
2534 956 2597 995 20.
2616 955 2684 997 εκ

474 1037 690 1103 Quam
717 1058 857 1101 rem
886 1058 1162 1121 eumque
1191 1038 1371 1103 ferox
1398 1039 1666 1105 navibus
1695 1047 1809 1104 aut
1838 1039 2017 1124 equis

558 1146 778 1226 Miles,
808 1154 875 1210 te
905 1146 1090 1226 duee,
1123 1149 1410 1231 gesserit.

345 1299 384 1358 5
474 1295 641 1373 Nos,
672 1294 983 1380 Agrippa,
1012 1315 1223 1379 neque
1250 1295 1391 1360 haec
1420 1294 1654 1375 dieere,
1684 1317 1807 1361 nec
1838 1316 2095 1381 gravem
2325 1299 2434 1352 Am·-
2452 1300 2505 1390 ξ.
2551 1330 2562 1342 ·

475 1406 714 1472 Pelidae
742 1407 1149 1471 stomachum
1177 1406 1403 1472 cedere
1430 1407 1650 1485 nescii,
2327 1452 2365 1493 ⁶,
2384 1450 2422 1490 B
2445 1400 2555 1491 3³1⁷?
2571 1432 2635 1491 14„

472 1515 620 1580 Nec
649 1536 871 1579 cursus
898 1515 1166 1601 duplicis
1192 1537 1311 1600 per
1336 1537 1514 1580 mare
1543 1516 1781 1597 Ulixei,
2325 1503 2454 1593 uffa,
2474 1501 2727 1593 ὀἷῖιιξιωιι

563 1626 709 1690 Neo
738 1646 970 1690 saevam
999 1627 1252 1711 Pelopis
1280 1627 1549 1691 domum

479 1773 822 1850 Conamnr,
855 1779 1082 1837 tenues
1110 1772 1412 1854 grandia:
1458 1773 1617 1837 dnm
1645 1772 1851 1857 pudor
2329 1808 2368 1848 ⁹-
2387 1795 2436 1838 0.
2439 1796 2553 1887 ᾗῇ.
2571 1796 2637 1884 ⁰1⁰'

310 1886 394 1948 10
481 1884 894 1967 Imbellisque
921 1883 1077 1968 lyrae
1105 1883 1304 1948 Musa
1330 1890 1559 1968 potens
1586 1892 1760 1949 vetat
2379 1895 2434 1940 a.
2450 1897 2489 1938 a
2509 1876 2655 1938 1:257.

481 1994 731 2059 Laudes
758 1994 999 2077 egregii
1028 1994 1316 2074 Caesaris,
1348 2002 1415 2059 et
1441 2002 1590 2059 tuas

565 2105 771 2189 Culpa
799 2094 1086 2170 deterere
1114 2105 1357 2189 ingeni.

484 2252 644 2320 Quis
673 2254 960 2318 Martem
989 2253 1210 2318 tunica
1236 2261 1487 2319 tectum
1521 2253 1931 2320 adamantina
2325 2295 2402 2337 aa,
2422 2294 2471 2337 ο,
2490 2296 2528 2338 3,
2547 2295 2613 2336 Ἀ
2634 2295 2674 2336 5,

478 2365 694 2448 Digne
722 2364 1093 2450 scripserit?
1137 2373 1250 2430 aut
1276 2365 1537 2451 pulvere
1565 2368 1794 2433 Tro’ieo
2325 2397 2420 2449 pua.
2440 2396 2489 2439 0.
2508 2398 2548 2440 2.
2567 2397 2605 2439 1.
2625 2396 2691 2439 η.

314 2479 394 2540 15
481 2475 763 2559 Nigrum
792 2475 1188 2540 Merionen?
1232 2485 1346 2542 aut
1374 2498 1493 2563 ope
1523 2480 1802 2544 Palladis

568 2586 860 2672 Tydiden
892 2587 1152 2672 Superis
1178 2609 1399 2672 parem
1420 2589 1451 2652 Ῥ
2333 2626 2394 2665 1⁶.
2414 2622 2464 2665 ο.
2478 2622 2518 2664 1.
2539 2621 2601 2665 ιε.
2621 2623 2687 2665 so.

482 2735 623 2800 Nos
650 2735 958 2815 convivia,
987 2756 1105 2801 nos
1133 2735 1359 2821 proelia
1386 2736 1710 2822 virginum

489 2847 693 2911 Sectis
720 2846 791 2910 in
813 2846 1079 2932 juvenes
1106 2847 1433 2931 unguibus
1463 2848 1710 2913 aerium

487 2958 860 3037 Cantemus,
890 2957 1095 3036 vacui,
1126 2957 1257 3022 sive
1287 2954 1445 3041 qnid
1470 2958 1741 3037 urimur,

316 3069 401 3131 20
570 3068 727 3132 Non
752 3076 986 3153 praeter
1014 3068 1277 3133 solitum
1306 3068 1496 3134 leves.

1222 3482 1387 3546 VII.

316 3623 738 3688 LAUDABuNr
769 3621 878 3686 alii
907 3622 1146 3686 claram
1175 3622 1472 3702 Rhodon,
1504 3629 1618 3688 aut
1647 3624 2009 3709 Mytilenen
2031 3651 2051 3704 3

398 3736 539 3804 Aut
565 3733 893 3818 Epheson,
919 3732 1260 3798 bimarisve
1289 3733 1586 3799 Corinthi
1661 3753 1682 3818 j

316 3844 586 3924 Moenia,
615 3845 714 3910 vel
744 3844 1004 3909 Baccho
1033 3844 1304 3923 Thebas,
1336 3845 1437 3909 vel
1464 3846 1767 3930 Apolline
1799 3847 2085 3933 Delphos

400 3957 720 4040 Insignes,
754 3951 868 4020 ant
896 3956 1199 4022 Thessala
1227 3956 1485 4041 Tempe.
2331 3994 2636 4046 ⁴.0.8.1.24.

320 4069 487 4132 Sunt
516 4068 750 4151 quibus
780 4089 986 4131 unum
1015 4087 1175 4151 opus
1203 4074 1323 4147 est,
1352 4068 1617 4132 intactae
1645 4068 1924 4133 Palladis
1954 4069 2177 4133 urbem
2267 4072 2305 4130 5
2571 4069 2580 4078 '

401 4177 703 4244 Carmine
731 4184 1039 4262 perpetuo
1067 4177 1404 4257 celebrare,
1435 4186 1503 4242 et

1027 4339 1096 4388 ·5.
1132 4354 1293 4399 ames,
1318 4356 1361 4388 v.
1387 4354 1580 4390 aroem.
