3025 4776
992 350 1432 407 EPISTOLAR
1443 350 1566 408 ΠΜ
1637 350 1792 407 LJB.
1853 351 1942 407 II.
2004 350 2062 406 ii.
2624 328 2736 409 2¹39

488 516 654 579 Rem
683 521 1000 598 temptare
1030 513 1255 597 pudor,
1288 497 1480 597 quam
1511 512 1673 577 vires
1703 512 1866 578 ferre
1905 527 2220 579 recusent.

310 626 439 689 260
486 626 808 689 Sedulitas
839 625 1303 701 autemsstulte,
1337 645 1528 708 quem
1559 624 1787 708 diligit,
1820 632 2034 708 urget,
2118 611 2132 626 ⁶

487 737 816 820 Praecipue
846 757 996 800 cum
1026 757 1094 800 se
1123 736 1407 798 numeris
1437 736 1846 799 commendat
1875 744 1942 800 et
1972 745 2146 801 arte:

484 848 695 911 Discit
724 846 898 910 enim
927 847 1119 910 citius
1148 847 1572 929 meminitque
1602 845 1906 910 libentius
1933 846 2115 925 illud,

489 957 681 1023 Quod
711 957 853 1040 quis
884 956 1152 1035 deridet,
1185 977 1376 1039 quam
1410 957 1582 1040 quod
1612 956 1842 1040 probat
1860 963 1927 1020 et
1949 965 2304 1021 veneratur.

487 1069 605 1132 Nil
632 1089 849 1131 moror
877 1068 1178 1145 officium,
1213 1067 1384 1150 quod
1412 1088 1518 1131 me
1549 1074 1792 1150 gravat,
1825 1088 1900 1131 ac
1928 1089 2136 1151 neque
2157 1069 2307 1131 ficto

315 1181 439 1243 265
489 1179 572 1240 In
601 1178 782 1261 pejus
810 1178 988 1241 voltu
1017 1177 1284 1261 proponi
1313 1198 1530 1240 cereus
1559 1198 1851 1261 usquam,

487 1291 630 1353 Nec
660 1310 850 1373 prave
879 1289 1067 1352 factis
1096 1288 1379 1352 decorari
1408 1288 1692 1352 versibus
1723 1297 1895 1373 opt0,

488 1401 593 1464 Ne
622 1400 886 1463 rubeam
916 1399 1140 1483 pingui
1170 1399 1446 1462 donatus
1476 1420 1761 1477 munere,
1795 1407 1861 1463 et
1890 1421 2021 1463 una
2211 1392 2218 1399 ’
2324 1407 2423 1458 pin·
2446 1406 2488 1449 S·
2509 1407 2544 1449 1·
2565 1408 2603 1449 ⁸·
2624 1409 2687 1450 ⁵⁸·

486 1514 655 1575 Cum
684 1513 990 1596 scriptore
1019 1533 1164 1576 meo
1193 1533 1381 1595 capsa
1407 1520 1737 1595 porrectus
1767 1520 1985 1596 aperta

487 1622 755 1686 Deferat
783 1622 854 1685 in
882 1622 1094 1685 vicum
1124 1622 1284 1686 vend
1293 1629 1509 1686 entem
1540 1622 1693 1686 thus
1724 1630 1790 1686 et
1820 1622 2045 1686 odores

317 1736 446 1797 270
490 1733 577 1796 Et
604 1733 784 1816 piper
813 1740 880 1797 et
911 1732 1220 1816 quidquid
1249 1733 1489 1798 chartis
1521 1733 1820 1797 amicitur
1848 1733 2100 1818 ineptis.

1266 2144 1364 2208 11.

488 2292 736 2369 Fnossn,
767 2290 936 2356 bono
967 2291 1262 2374 claroque
1293 2291 1497 2354 fidelis
1529 2291 1730 2354 amice
1761 2290 2027 2368 Neroni,
2337 2330 2373 2359 1.
2393 2317 2444 2358 Ε.
2466 2319 2502 2359 1.
2521 2320 2559 2359 ³.
2581 2319 2618 2360 1.

489 2403 559 2467 Si
590 2404 732 2488 quis
761 2403 925 2468 forte
955 2404 1108 2467 velit
1137 2425 1409 2488 puerum
1439 2403 1562 2467 tibi
1590 2402 1862 2466 vendere
1907 2413 2133 2467 natum

486 2517 722 2581 Tibure
750 2516 853 2580 vel
882 2515 1108 2580 Gabiis
1139 2522 1205 2579 et
1232 2523 1450 2579 tecum
1480 2515 1573 2578 sic
1604 2521 1790 2598 agat:
1843 2515 1974 2577 Hic
2003 2522 2069 2579 et

486 2629 814 2696 Candidus
844 2638 910 2695 et
940 2631 1102 2695 talos
1133 2653 1171 2694 a
1197 2631 1435 2695 vertice
1463 2630 1730 2714 pulcher
1760 2631 1840 2695 ad
1869 2631 2032 2694 imos

356 2743 394 2800 5
485 2740 630 2804 Fiet
660 2741 905 2823 eritque
934 2747 1085 2804 tuus
1114 2762 1531 2804 nummorum
1561 2740 1818 2805 milibus
1849 2749 2013 2818 octo,
2336 2773 2374 2817 ς.
2396 2765 2437 2807 s.
2457 2767 2495 2807 ε.
2515 2766 2553 2807 7.
2573 2767 2637 2806 43.

482 2850 703 2914 Verna
731 2849 1098 2913 ministeriis
1129 2850 1210 2913 ad
1238 2858 1435 2914 nutus
1464 2858 1652 2934 aptus
1681 2850 1887 2929 eriles,

486 2960 822 3024 Litterulis
855 2961 1096 3025 Graecis
1126 2960 1437 3039 imbutus,
1468 2960 1736 3025 idoneus
1767 2962 1889 3025 arti

488 3071 772 3134 Cuilibet
793 3097 812 3150 3
839 3072 1087 3154 ‘a'rgilla
1117 3071 1367 3153 quidvis
1395 3071 1751 3135 imitaberis
1781 3072 1955 3135 unda
1975 3098 1994 3149 3

488 3179 668 3246 Quin
698 3180 893 3242 etiam
923 3187 1111 3243 canet
1138 3180 1495 3258 indoctum,
1530 3179 1641 3243 sed
1670 3180 1853 3245 dulce
1882 3181 2146 3246 bibenti.

320 3292 401 3352 10
486 3290 704 3353 Mults
732 3290 924 3353 fidem
955 3290 1265 3371 promissa
1291 3290 1527 3367 levant,
1559 3290 1672 3353 ubi
1701 3290 1949 3373 plenius
1978 3311 2162 3374 aequo

488 3400 744 3464 Laudat
772 3400 1047 3478 venales,
1081 3400 1193 3482 qui
1223 3400 1362 3464 vult
1391 3400 1748 3479 extrudere,
1782 3421 2047 3464 merces.

490 3512 618 3574 Res
647 3518 836 3593 urget
867 3531 970 3574 me
1001 3510 1179 3573 nulla
1194 3535 1213 3589 3
1263 3531 1407 3573 meo
1435 3532 1581 3573 sum
1611 3532 1850 3594 pauper
1878 3511 1950 3574 in
1978 3532 2123 3574 aere.

485 3623 701 3686 Nemo
722 3622 844 3686 hoc
869 3643 1257 3705 mangonum
1281 3622 1520 3686 faceret
1538 3622 1659 3687 tibi
1677 3650 1695 3701 3
1729 3643 1860 3686 non
1881 3629 2124 3686 temere
2147 3644 2184 3685 a
2203 3644 2305 3686 me
2334 3660 2431 3698 tm,
2453 3657 2503 3698 E,
2524 3658 2562 3697 2,
2584 3657 2620 3698 1,
2642 3657 2729 3698 120,

487 3733 711 3799 Quivis
739 3733 938 3796 ferret
966 3732 1158 3795 idem.
1252 3732 1463 3796 Semel
1493 3732 1599 3795 hic
1630 3732 1899 3796 cessavit
1929 3743 2015 3810 et,
2049 3741 2122 3795 ut
2153 3734 2245 3811 fit,
2332 3769 2414 3799 m.
2438 3757 2705 3799 s.2.7.100.

320 3847 396 3907 15
487 3846 569 3907 In
599 3845 785 3909 scalis
814 3844 1004 3907 latuit
1034 3852 1330 3908 metuens
1358 3844 1698 3927 pendentis
1727 3844 1994 3908 habenae
2019 3871 2123 3908 :—

484 3956 618 4019 Des
645 3975 968 4033 nummos,
999 3962 1264 4037 excepta
1290 3954 1454 4017 nihil
1483 3962 1551 4018 te
1579 3954 1633 4017 si
1661 3955 1816 4037 fuga
1844 3955 2035 4018 laedat
2058 3982 2078 4034 3

485 4066 607 4129 Ille
636 4065 799 4127 ferat
828 4065 1106 4148 pretium
1135 4085 1341 4148 poenae
1370 4084 1650 4141 securus,
1683 4066 1929 4148 opinor.

484 4176 776 4239 Prudens
807 4175 1022 4239 emisti
1052 4174 1374 4254 vitiosum,
1407 4174 1581 4238 dicta
1609 4174 1731 4238 tibi
1762 4183 1860 4238 est
1898 4176 1996 4239 lex
2026 4202 2040 4240 ε
2343 4210 2442 4247 orn.
2466 4205 2512 4241 A.
2538 4201 2582 4241 P.
2602 4200 2690 4239 462.

476 4338 523 4386 6.
563 4339 768 4388 heriles.
902 4338 950 4386 8.
974 4336 1287 4395 imitabitur,
1309 4353 1354 4383 κ.
1492 4336 1571 4383 18.
1608 4334 1855 4384 tibi...lox
1873 4357 1887 4395 3
1907 4338 1922 4355 ⁸
1959 4337 1984 4387 ἲ
2007 4338 2170 4386 tibist.

2242 4440 2276 4487 S
2299 4442 2331 4489 2
