3025 4776
306 268 417 329 132

297 1343 397 1383 per.
418 1332 460 1375 Β.
482 1332 519 1374 1.
538 1332 576 1374 ⁶.
595 1331 633 1373 4.

311 2782 375 2821 ⁴2.
397 2769 439 2811 S.
459 2769 497 2811 2.
516 2768 555 2810 3.
576 2768 663 2809 109.

1144 264 1210 335 ρ.
1280 264 1597 322 HORATJ
1647 265 1934 323 FLAOCJ

729 426 947 491 Iratus
975 425 1205 490 buccas
1234 426 1416 491 inflet
1446 448 1652 510 neque
1682 450 1749 491 se
1779 429 1911 493 fore
1940 429 2207 513 posthac

729 537 891 600 Tam
917 535 1171 599 facilem
1203 536 1394 615 dicat,
1428 539 1593 601 votis
1624 546 1699 601 ut
1726 538 2007 622 praebeat
2037 562 2256 605 aurem
2274 542 2304 602 Ρ

730 602 1090 725 PraetereaJ
1102 668 1184 711 ne
1215 647 1326 726 sic,
1359 655 1432 711 ut
1464 649 1577 730 qui
1600 628 1953 743 jocularia,{
1960 650 2176 714 ridens

729 759 1611 841 Percurram,—quamquam
1641 758 1954 823 ridentem
1989 759 2197 824 dicere
2227 782 2445 824 verum

583 899 592 909 ·
648 898 675 961 j
732 864 908 933 Quid
937 874 1112 930 vetat
1130 867 1161 929 ?
1205 874 1282 931 ut
1310 868 1522 950 pueris
1551 867 1704 931 olim
1737 867 1894 932 dant
1925 871 2208 933 crustula
2245 870 2463 934 blandi
2639 874 2722 933 25

729 976 1061 1053 Doctores,
1094 977 1414 1040 elementa
1442 978 1642 1040 velint
1671 985 1747 1041 ut
1776 978 2017 1057 discere
2045 981 2252 1063 prima
2270 1007 2380 1058 3-

735 1086 865 1149 Sed
894 1095 1113 1149 tamen
1144 1094 1359 1150 amoto
1390 1107 1750 1169 quaeramus
1780 1089 1944 1152 seria
1973 1089 2144 1153 ludo.

730 1195 853 1259 Ille
883 1217 1137 1279 gravem
1168 1193 1329 1259 duro
1358 1204 1598 1260 terram
1629 1198 1738 1280 qui
1771 1199 1961 1262 vertit
1990 1207 2223 1278 aratro,

730 1306 1017 1369 Perfidus
1048 1306 1155 1369 hic
1184 1327 1407 1390 caup0,
1437 1308 1623 1382 miles
1653 1315 1995 1390 nautaeque
2024 1331 2139 1392 per
2169 1331 2358 1373 omne

729 1416 1024 1481 Audaces
1053 1438 1229 1480 mare
1261 1417 1370 1498 qui
1401 1424 1690 1494 currunt,
1722 1417 1843 1481 hac
1873 1428 2089 1482 mente
2119 1420 2403 1483 laborem
2641 1420 2728 1479 30

733 1529 885 1590 Sese
912 1527 1101 1602 ferre,
1133 1547 1313 1589 senes
1343 1535 1418 1588 ut
1446 1527 1518 1589 in
1549 1528 1680 1589 otia
1709 1535 1852 1591 tuta
1880 1529 2203 1606 recedant,

731 1636 957 1712 Aiunt,
991 1656 1137 1698 cum
1169 1636 1293 1698 sibi
1324 1635 1453 1698 sint
1483 1645 1787 1718 congesta
1818 1638 2057 1700 cibaria
2079 1663 2098 1714 3
2147 1637 2316 1700 sicut

731 1744 1027 1820 Parvula,
1058 1765 1211 1806 nam
1244 1743 1532 1826 exemplo
1562 1752 1679 1820 est,
1713 1744 1932 1825 magni
1962 1743 2229 1807 formica
2258 1744 2491 1808 laboris

732 1857 862 1919 Ore
891 1853 1093 1917 trahit
1123 1853 1569 1937 quodcumque
1598 1859 1812 1936 potest
1842 1860 2033 1934 atque
2064 1853 2241 1917 addit
2271 1874 2494 1917 acervo

734 1968 947 2032 Quem
977 1966 1191 2043 struit,
1224 1964 1399 2027 haud
1428 1965 1653 2046 ignara
1683 1985 1756 2027 ac
1785 1985 1917 2028 non
1946 1964 2206 2027 incauta
2243 1965 2466 2028 futuri.
2643 1969 2726 2027 35

736 2077 918 2154 Quae,
951 2075 1144 2138 simul
1172 2075 1495 2138 inversum
1527 2075 1864 2138 contristat
1894 2076 2218 2158 Aquarius
2248 2098 2509 2156 annum,

732 2186 889 2250 Non
915 2207 1185 2268 usquam
1215 2185 1496 2269 prorepit
1524 2192 1593 2249 et
1618 2185 1746 2248 illis
1778 2187 1985 2279 utitur
2014 2195 2163 2250 ante

2269 2242 2304 2265 F

657 2321 666 2332 ·
736 2294 1042 2362 Quaesitis
1071 2296 1341 2379 sapiens,
1376 2316 1523 2358 cum
1551 2304 1620 2359 te
1647 2317 1858 2379 neque
1887 2276 2166 2361 fervidus
2197 2306 2390 2363 aestus

734 2409 1086 2472 Demoveat
1113 2407 1291 2471 lucro
1320 2427 1531 2489 neque
1560 2406 1830 2490 hiemp8,
1860 2409 2056 2491 ignis,
2087 2430 2285 2486 mare,
2316 2409 2575 2486 sermm,

733 2518 1095 2583 Nil-obstet
1123 2517 1265 2594 tibi,
1300 2517 1455 2580 dum
1485 2538 1568 2580 ne
1599 2518 1684 2580 sit
1713 2524 1779 2580 te
1809 2518 2002 2581 ditior
2030 2519 2249 2616 altere(
2644 2520 2731 2581 40

737 2627 912 2694 Quid
935 2627 1537 2800 juffiffffffium
1564 2636 1633 2691 te
1664 2628 1913 2710 argenti
1940 2628 2192 2711 pondus
2221 2636 2287 2692 et
2317 2629 2456 2692 auri

1065 2759 1098 2801 e
1127 2759 1165 2800 o

736 2737 990 2801 Furtim
1297 2736 1601 2800 timidum
1632 2736 1946 2821 deponere
1975 2739 2191 2802 terra?

739 2849 933 2915 Quod
962 2849 1016 2912 si
1045 2849 1464 2927 comminuas,
1497 2849 1688 2911 vilem
1719 2850 2046 2933 redigatur
2077 2850 2155 2912 ad
2189 2871 2413 2913 assem.
2479 2877 2484 2882 ·
2557 2881 2564 2886 ·
2609 2863 2624 2878 ”
2741 2877 2744 2886 ·

738 2960 850 3035 At,
881 2959 953 3021 m’
982 2957 1049 3021 id
1076 2958 1171 3036 fit,
1205 2958 1358 3040 quid
1386 2958 1582 3021 habet
1612 2958 1859 3040 pulchri
1893 2967 2298 3022 constructus
2328 2958 2637 3022 acervus?

738 3068 929 3131 Milia
955 3068 1263 3131 frumenti
1291 3077 1406 3130 tua
1434 3069 1680 3130 triverit
1713 3088 1858 3130 area
1889 3075 2168 3144 centum,
2646 3071 2730 3130 45

664 3241 673 3250 ,
738 3179 893 3242 Non
922 3185 1075 3241 tuus
1105 3178 1227 3243 hoc
1258 3180 1464 3262 capiet
1494 3189 1716 3242 venter
1744 3179 1887 3260 plus
1918 3198 1990 3240 ac
2020 3200 2204 3246 meus
2231 3204 2245 3242 ι
2291 3185 2368 3240 ut
2398 3178 2451 3241 si

672 3288 683 3309 '
742 3288 1108 3352 Reticulum
1137 3288 1319 3371 panis
1347 3287 1599 3351 venales
1619 3289 1789 3351 inter
1818 3296 2050 3351 onusto

743 3399 936 3462 Forte
965 3398 1157 3462 vehas
1186 3419 1431 3475 umer0,
1461 3398 1666 3462 nihilo
1694 3397 1837 3481 plus
1867 3397 2135 3568 {3312}in
2167 3401 2402 3506 affl

745 3509 877 3575 Qui
905 3508 998 3570 nil
1027 3509 1319 3591 portarit.
1412 3508 1540 3571 Vel
1571 3507 1673 3571 dic
1705 3507 1858 3590 quid
1888 3529 1954 3570 re
1983 3515 2120 3570 erat
2149 3507 2319 3569 intra

742 3618 1015 3682 Naturae
1043 3618 1202 3681 fines
1228 3619 1488 3694 viventi,
1515 3618 1744 3701 jugera
1774 3624 2035 3680 centum
2064 3637 2148 3680 an
2654 3619 2739 3678 50

744 3727 930 3791 Mille
961 3729 1147 3792 aret?
1238 3730 1332 3792 At
1361 3748 1552 3791 suave
1581 3735 1679 3791 est
1707 3748 1785 3791 ex
1814 3747 2050 3809 magno
2077 3726 2304 3789 tollere
2335 3745 2578 3788 acervo,

743 3838 922 3901 Dum
951 3859 1023 3901 ex
1056 3859 1251 3922 parvo
1280 3837 1464 3900 nobis
1493 3836 1879 3901 tantundem
1912 3835 2166 3899 haurire
2194 3835 2540 3918 relinquas,

743 3950 878 4012 Cur
905 3956 1019 4012 tua
1046 3949 1188 4032 plus
1216 3947 1438 4011 laudes
1469 3947 1744 4012 cumeris
1773 3947 2065 4029 granaria
2095 3945 2380 4010 nostris?

744 4063 842 4126 Ut
871 4059 991 4122 tibi
1020 4058 1074 4121 si
1102 4058 1188 4121 sit
1216 4078 1377 4140 opus
1405 4058 1633 4140 liquidi
1662 4077 1794 4119 non
1825 4056 2094 4139 amplius
2122 4077 2287 4119 urna

743 4195 825 4243 33.
851 4192 1199 4255 Pexemplost.
1335 4193 1415 4238 38.
1452 4192 1675 4251 patiens.
1809 4189 1889 4238 39.
1928 4189 2207 4239 dimoveat.
2339 4171 2736 4254 46.'p1usquam.

1189 4254 1269 4304 47.
1306 4255 1546 4313 honusto,
1573 4257 1660 4304 Hc.
1687 4257 1742 4303 Β.
1772 4257 1829 4304 G.
1967 4255 2046 4307 51.
2086 4255 2109 4303 Ρ
2145 4261 2374 4305 suavest.
