3025 4776
1072 394 1546 454 SATIRARUM
1591 393 1744 449 LIB.
1805 393 1856 448 Ι.
1915 390 1989 447 iv.

321 565 451 626 130
494 561 797 645 Optimus
827 565 925 622 est
953 558 1350 636 modulator;
1397 563 1471 621 ut
1501 541 1798 621 Alfenius
1826 554 2001 618 vafer
2029 551 2205 615 omni

494 672 770 755 Abjecto
798 669 1230 732 instrumento
1259 645 1413 731 artis
1443 667 1783 748 clausaque
1812 664 2079 728 taberna

498 784 695 846 Sutor
722 786 881 857 erat,
913 778 1160 862 sapiens
1189 778 1394 861 operis
1425 777 1517 840 sic
1547 777 1829 860 optimus
1859 775 2069 840 omnis

495 893 616 955 Est
644 890 856 974 opifex
884 891 1076 968 solus,
1109 890 1201 954 sic
1230 909 1361 952 rex.
1451 888 1724 951 Vellunt
1754 886 1878 951 tibi
1907 886 2170 950 barbam

496 1001 744 1065 Lascivi
771 1000 950 1084 pueri
972 1027 992 1079 3
1040 1020 1198 1083 quos
1227 1005 1303 1063 tu
1331 997 1457 1062 nisi
1483 998 1655 1061 fuste
1683 1000 1953 1074 coerces,

328 1116 451 1174 135
500 1112 767 1194 Urgeris
796 1111 989 1175 turba
1017 1110 1260 1173 circum
1288 1117 1354 1172 te
1382 1115 1596 1172 stante
1624 1108 1941 1190 miserque

499 1222 838 1305 Rumperis
865 1229 933 1284 et
961 1221 1176 1298 latras,
1208 1240 1591 1302 magnorum
1620 1218 1895 1281 maxime
1924 1238 2171 1299 regum.

499 1333 606 1395 Ne
633 1330 900 1413 longum
928 1329 1159 1393 faciam
1185 1356 1199 1393 ε
1247 1330 1405 1392 dum
1432 1336 1508 1392 tu
1540 1328 1893 1411 quadrante
1920 1329 2204 1391 lavatum

506 1426 644 1503 Rex
671 1440 812 1517 ibis,
847 1461 1055 1524 neque
1084 1447 1150 1505 te
1181 1440 1519 1525 quisquam
1545 1438 1816 1522 stipator
1842 1438 2138 1522 ineptum

502 1552 746 1614 Praeter
774 1551 1143 1634 Crispinum
1171 1549 1546 1627 sectabitur,
1578 1556 1645 1613 et
1673 1548 1836 1611 mihi
1867 1548 2084 1612 dulces

336 1663 462 1722 140
505 1660 851 1743 Ignoscent
879 1660 932 1724 si
963 1661 1116 1744 quid
1147 1681 1410 1744 peccaro
1438 1660 1676 1723 stultus
1704 1659 1915 1736 amici,

504 1772 711 1853 Inque
738 1771 941 1834 vicem
970 1771 1227 1834 illorum
1256 1771 1464 1854 patiar
1491 1770 1725 1833 delicta
1766 1769 2058 1845 libenter,

504 1862 922 1964 Privatusque
952 1881 1157 1964 magis
1185 1880 1393 1945 vivam
1421 1887 1488 1943 te
1519 1900 1667 1963 rege
1696 1879 1943 1944 beatus.

1252 2240 1377 2303 IV.

500 2375 793 2439 Euroms
824 2383 1017 2459 atque
1047 2374 1348 2439 Cratinus
1378 2374 1963 2460 Aristophanesque
1993 2380 2195 2460 poetae

502 2487 723 2568 Atque
753 2479 861 2549 alii
890 2508 1163 2570 quorum
1194 2487 1506 2551 comoedia
1532 2488 1740 2571 prisca
1767 2488 2044 2551 virorum
2076 2495 2192 2565 est,

507 2596 577 2658 Si
607 2596 749 2678 quis
778 2604 918 2659 erat
947 2597 1180 2680 dignus
1210 2597 1501 2674 describi,
1535 2598 1706 2680 quod
1736 2598 1940 2661 malus
1971 2619 2044 2661 ac
2072 2598 2195 2675 fur,

507 2706 700 2774 Quod
730 2707 1019 2771 moechus
1045 2707 1212 2773 foret
1242 2715 1356 2772 aut
1385 2708 1649 2772 sicarius
1679 2715 1792 2772 aut
1822 2708 2059 2791 alioqui

376 2821 417 2879 5
506 2819 835 2895 Famosus,
866 2818 1074 2881 multa
1101 2839 1250 2882 cum
1279 2819 1575 2882 libertate
1604 2819 1935 2883 notabant.

509 2927 684 2991 Hinc
713 2927 922 2990 omnis
946 2927 1182 3011 pendet
1213 2928 1523 3005 Lucilius,
1553 2928 1742 2993 hosce
1772 2936 2027 2992 secutus

506 3036 783 3099 Mutatis
812 3044 1069 3099 tantum
1097 3036 1362 3119 pedibus
1392 3038 1819 3120 numerisque,
1851 3038 2115 3115 facetus,

507 3147 847 3210 Emunctae
875 3147 1070 3224 naris,
1103 3147 1302 3210 durus
1332 3168 1712 3231 componere
1741 3169 1979 3211 versus.

440 3248 447 3256 ’
510 3256 685 3319 Nam
713 3256 839 3320 fuit
867 3256 991 3321 hoc
1019 3257 1320 3321 vitiosus:
1366 3258 1435 3321 in
1464 3259 1624 3322 hora
1650 3279 1815 3343 saepe
1844 3259 2174 3335 ducentos,

335 3371 424 3430 10
512 3368 608 3431 Ut
636 3388 965 3452 magnum,
995 3391 1214 3433 versus
1243 3369 1528 3434 dictabat
1556 3379 1732 3434 stans
1762 3370 1921 3453 pede
1948 3371 2019 3432 in
2046 3390 2197 3433 unc.

510 3477 678 3539 Cum
707 3477 934 3541 flueret
963 3478 1342 3557 lutulentus,
1376 3487 1512 3543 erat
1544 3479 1716 3562 quod
1745 3479 1977 3543 tollere
2007 3479 2198 3542 velles
2219 3506 2239 3557 ς

512 3587 825 3651 Garrulus
855 3595 1047 3672 atque
1076 3590 1258 3673 piger
1285 3589 1605 3653 scribendi
1634 3589 1799 3654 ferre
1828 3587 2137 3668 laborem,

513 3695 851 3760 Scribendi
872 3705 1046 3761 recte
1074 3723 1088 3761 :
1122 3719 1271 3760 nam
1297 3706 1372 3761 ut
1390 3698 1692 3777 multum,
1713 3699 1806 3761 nil
1828 3719 2062 3764 moror.
2139 3700 2327 3777 Ecce,

511 3805 842 3889 Crispinus
871 3807 1141 3871 minimo
1169 3829 1273 3871 me
1302 3816 1639 3892 provocat:
1686 3808 1945 3892 Accipe,
1978 3809 2034 3871 si
2063 3809 2178 3886 vis,

344 3917 424 3976 15
513 3915 845 3998 Accipiam
872 3916 1124 3980 tabulas
1146 3943 1166 3995 3
1212 3917 1401 3981 detur
1428 3917 1615 3981 nobis
1642 3916 1837 3995 locus,
1870 3918 2049 3996 hora,

513 4026 864 4104 Custodes,
909 4026 1237 4092 videamus
1265 4036 1410 4091 uter
1437 4029 1582 4112 plus
1611 4028 1881 4092 scribere
1908 4028 2127 4111 possit.

511 4135 599 4198 Di
630 4136 792 4199 bene
820 4134 1130 4215 fecerunt,
1163 4138 1372 4221 inopis
1400 4159 1506 4201 me
1537 4137 1831 4222 quodque
1859 4138 2074 4221 pusilli

514 4245 868 4310 Finxerunt
898 4248 1121 4326 animi,
1152 4269 1296 4311 raro
1324 4255 1390 4311 et
1419 4268 1734 4331 perpauca
1759 4247 2099 4330 loquentis.

1195 4397 1242 4442 3.
1276 4398 1373 4443 ant
1394 4394 1493 4442 fur.

2635 390 2742 446 143

2340 576 2431 626 vas.
2453 576 2494 617 8.
2514 577 2553 617 2.
2571 576 2610 616 2.
2630 575 2720 616 1³1.

2336 793 2427 832 Μ.
2449 790 2491 832 Β.
2507 790 2549 832 2.
2568 791 2607 832 3.
2628 790 2716 829 106.

2344 1559 2436 1603 cri.
2458 1559 2499 1601 8.
2521 1559 2557 1601 1.
2579 1560 2616 1602 1.
2637 1557 2725 1599 120.

2353 2415 2396 2444 1.-
2409 2402 2460 2441 E.
2483 2402 2519 2443 1.
2541 2403 2601 2441 19.
2622 2402 2660 2442 1.

2351 2514 2388 2544 ι.
2410 2503 2452 2543 S.
2473 2502 2509 2543 1.
2532 2504 2592 2543 10.
2614 2504 2676 2543 16.

2401 2555 2451 2594 A.
2476 2554 2522 2595 P.
2541 2554 2631 2594 2⁸1.

2353 3300 2451 3341 due.
2475 3301 2516 3343 Β.
2535 3300 2574 3341 1.
2595 3300 2657 3342 10.
2670 3301 2737 3340 60.

2356 3515 2436 3556 eut.
2457 3513 2498 3555 s.
2519 3514 2556 3555 1.
2578 3514 2639 3555 10.
2659 3484 2730 3552 ⁶05
