3025 4776
365 298 479 352 202

372 933 433 974 in.
454 934 515 975 in.
540 933 582 974 S.
604 933 640 973 1.
654 932 692 973 7.
706 933 769 974 12.

378 2050 491 2091 inm.
515 2051 562 2091 C.
584 2051 622 2092 4.
642 2052 680 2092 4.
699 2052 763 2093 66.

367 2591 467 2640 [νει.
489 2589 537 2630 C.
556 2590 594 2630 2.
616 2590 677 2631 14.
698 2589 763 2631 10.

378 2707 476 2747 Ale.
497 2705 547 2746 E.
569 2706 606 2746 1.
629 2706 691 2747 16.
711 2706 774 2746 24.

376 2832 469 2861 cnr.
492 2821 532 2863 S.
553 2823 592 2862 2.
612 2824 650 2863 6.
669 2824 734 2864 88.

1209 297 1274 371 ρ.
1333 297 1648 356 HORATJ
1698 296 1986 355 nacci

800 462 1162 525 Stultorum
1192 483 1417 545 regum
1447 469 1514 526 et
1543 463 1926 546 populorum
1956 460 2244 525 continet
2275 466 2490 524 aestus,

796 575 1091 638 Antenor
1120 581 1339 638 censet
1370 574 1522 637 belli
1551 572 1890 657 praecidere
1920 594 2199 636 causam.

799 684 976 749 Quid
1010 685 1238 748 Paris?
1285 686 1384 749 Ut
1412 685 1623 748 salvus
1652 692 1880 768 regnet
1908 684 2204 766 vivatque
2234 681 2482 761 beatus,

797 794 958 878 Cogi
987 815 1170 879 posse
1198 803 1412 878 negat.
1505 795 1748 859 Nestor
1778 815 2156 877 componere
2187 794 2332 858 lites

796 907 981 970 Inter
1012 907 1275 971 Peliden
1303 907 1567 971 festinat
1596 913 1662 970 et
1690 906 1862 969 inter
1890 904 2166 968 Atriden
2190 929 2210 982 3

798 1019 999 1082 Hunc
1029 1039 1227 1095 amor,
1257 1017 1354 1080 ira
1384 1017 1643 1100 quidem
1676 1017 2105 1080 communiter
2134 1017 2266 1079 urit
2296 1023 2663 1100 utrumque.

799 1127 1131 1211 Quidquid
1160 1127 1437 1191 delirant
1467 1148 1668 1210 reges,
1701 1127 2070 1210 plectuntur
2109 1126 2362 1191 Achivi.

800 1240 1148 1318 Seditione,
1183 1239 1365 1317 dolis,
1399 1238 1637 1303 scelere
1667 1245 1860 1321 atque
1890 1238 2156 1302 libidine
2187 1246 2252 1302 et
2281 1239 2378 1302 ira

797 1351 1031 1414 Iliacos
1060 1351 1231 1414 intra
1261 1371 1478 1413 muros
1507 1357 1812 1433 peccatur
1841 1356 1907 1412 et
1936 1357 2137 1413 extra.

799 1461 1068 1540 Rursus,
1102 1459 1258 1544 quid
1285 1460 1487 1524 virtus
1517 1471 1583 1524 et
1613 1459 1767 1544 quid
1796 1459 2108 1543 sapientia
2137 1459 2359 1542 possit,

800 1573 982 1638 Utile
1010 1572 1340 1656 proposuit
1369 1571 1556 1636 nobis
1586 1574 1907 1655 exemplar
1939 1572 2200 1649 Ulixen,

802 1683 934 1751 Qui
966 1682 1246 1747 domitor
1274 1682 1483 1765 Trojae
1509 1683 1864 1746 multorum
1896 1683 2192 1766 providus
2220 1682 2410 1746 urbes

801 1797 890 1859 Et
919 1815 1129 1859 mores
1158 1793 1491 1858 hominum
1524 1792 1824 1876 inspexit,
1856 1793 2187 1876 latumque
2216 1814 2329 1876 per
2359 1815 2596 1877 aequor,

800 1906 979 1970 Dum
1010 1905 1155 1984 sibi,
1188 1904 1343 1967 dum
1373 1903 1563 1968 sociis
1592 1904 1873 1967 reditum
1903 1911 2105 1987 parat,
2141 1925 2361 1987 aspera
2389 1904 2596 1968 multa

803 2018 1102 2095 Pertulit,
1135 2016 1413 2080 adversis
1441 2036 1658 2079 rerum
1686 2015 2135 2079 immersabilis
2162 2015 2374 2080 undis.

803 2129 1103 2195 Sirenum
1135 2149 1318 2192 voces
1348 2137 1413 2192 et
1443 2129 1647 2193 Circae
1674 2130 1903 2213 pocula
1931 2129 2099 2193 nosti
2123 2155 2143 2208 3

803 2242 969 2306 Quae
999 2239 1050 2301 si
1081 2260 1229 2302 cum
1259 2240 1446 2303 sociis
1477 2240 1714 2304 stultus
1744 2240 2138 2324 cupidusque
2167 2241 2458 2318 bibisset,

803 2350 940 2415 Sub
971 2350 1231 2415 domina
1260 2351 1593 2415 meretrice
1621 2351 1845 2416 fuisset
1875 2352 2083 2437 turpis
2113 2361 2178 2417 et
2208 2374 2445 2432 excors,

801 2461 1085 2526 Vixisset
1114 2462 1289 2531 canis
1318 2462 1692 2527 immundus
1721 2464 1819 2527 vel
1849 2464 2055 2527 amica
2081 2465 2220 2528 luto
2249 2487 2375 2528 sus.

801 2574 945 2638 Nos
974 2594 1279 2637 numerus
1308 2595 1531 2637 sumus
1559 2581 1626 2638 et
1653 2574 1870 2657 fruges
1901 2596 2273 2640 consumere
2302 2576 2461 2655 nati,

806 2684 1036 2768 Sponsi
1067 2684 1421 2767 Penelopae,
1452 2684 1827 2763 nebulones,
1862 2686 2238 2769 Alcinoique

805 2798 889 2861 In
919 2802 1067 2859 cute
1098 2794 1379 2858 curanda
1405 2796 1549 2879 plus
1580 2817 1764 2879 aequo
1793 2805 2054 2880 operata
2074 2799 2402 2882 juventus,

805 2906 929 2972 Cui
958 2905 1296 2988 pulchrum
1327 2906 1452 2969 fuit
1480 2907 1550 2969 in
1580 2906 1826 2971 medios
1858 2908 2133 2971 dormire
2166 2908 2319 2987 dics,
2352 2918 2418 2973 et

802 3017 909 3081 Ad
940 3017 1273 3099 strepitum
1306 3017 1569 3081 citharae
1599 3025 1917 3081 cessatum
1948 3019 2177 3083 ducere
2208 3042 2447 3083 curam.

804 3131 903 3193 Ut
924 3129 1226 3212 jugulent
1253 3128 1565 3207 homines,
1598 3137 1872 3212 surgunt
1901 3129 1980 3194 de
2010 3138 2198 3195 nocte
2226 3132 2506 3195 latrones
2533 3159 2546 3195 z
2573 3132 2580 3141 '

806 3241 903 3305 Ut
934 3247 998 3303 te
1029 3240 1238 3323 ipsum
1268 3261 1498 3317 serves,
1531 3260 1662 3302 non
1694 3240 2193 3323 expergisceris?
2282 3243 2511 3325 Atqui,

804 3354 874 3416 Si
904 3353 1084 3416 noles
1112 3373 1323 3429 sanus,
1357 3373 1574 3415 curres
1601 3351 1985 3436 hydropicus
2007 3380 2026 3431 3
2073 3362 2139 3417 et
2169 3354 2236 3417 ni

801 3466 1037 3529 Posces
1067 3470 1215 3526 ante
1246 3463 1414 3526 diem
1445 3462 1685 3525 librum
1716 3484 1862 3527 cum
1892 3464 2155 3543 lumine,
2188 3465 2242 3528 si
2272 3487 2405 3529 non

800 3574 1111 3641 Intendes
1142 3574 1429 3636 animum
1459 3574 1690 3636 studiis
1721 3582 1786 3638 et
1814 3575 2002 3638 rebus
2031 3575 2338 3654 honestis,

800 3686 1057 3751 Invidia
1083 3685 1183 3749 vel
1213 3706 1426 3749 amore
1453 3686 1608 3768 vigil
1637 3686 2039 3769 torquebere.
2131 3689 2304 3753 Nam
2337 3674 2472 3767 cur,

803 3800 967 3865 Quae
994 3795 1240 3859 laedunt
1269 3797 1550 3874 oculum,
1580 3797 1842 3861 festinas
1871 3798 2162 3877 demere3
2209 3801 2264 3862 si
2295 3801 2450 3882 quid

800 3911 921 3972 Est
951 3907 1259 3985 animum,
1293 3907 1508 3971 differs
1539 3909 1803 3971 curandi
1833 3918 2088 3992 tempus
2116 3911 2185 3972 in
2215 3933 2458 3975 annum
2480 3915 2510 3975 ?

802 4015 1163 4081 Dimidium
1193 4014 1366 4093 facti,
1399 4015 1509 4098 qui
1542 4017 1752 4100 coepit‚
1783 4017 1979 4082 habet
2005 4044 2018 4082 z
2067 4042 2286 4103 sapere
2326 4021 2490 4085 aude
2513 4050 2531 4100 ;

803 4129 1045 4212 Incipe.
1138 4127 1269 4194 Qui
1300 4136 1473 4190 recte
1502 4127 1752 4191 vivendi
1782 4138 2081 4213 prorogat
2110 4130 2357 4210 horam,

1136 4300 1214 4346 10.
1249 4280 1387 4360 q'uod
1412 4299 1574 4357 Paris,
1601 4304 1672 4347 ut.
1808 4303 1888 4349 28.
1925 4303 2261 4365 Alcinoique;
2301 4304 2439 4356 1n....

2714 685 2797 745 10

2714 1241 2792 1302 15

2708 1797 2794 1858 20

2708 2914 2795 2974 30

2709 3472 2792 3532 35
