3025 4776
942 321 1518 380 EPISTOLARUM
1576 320 1728 378 LIB.
1794 321 1845 377 I.
1916 320 2008 378 vii.
2571 323 2681 378 211

388 487 546 551 Post
574 505 813 549 nonam
840 485 1055 548 venies
1078 510 1099 563 ;
1144 505 1317 548 nunc
1345 484 1391 563 i,
1422 505 1558 547 rem
1591 492 1889 548 strenuus
1920 505 2101 567 auge.

389 601 487 664 Ut
515 605 781 663 ventum
812 597 892 661 ad
922 617 1145 660 cenam
1177 604 1292 673 est,
1327 595 1597 659 dicenda
1625 596 1895 659 t'acenda
1920 595 2172 659 locutus

384 710 671 773 Tandem
699 708 1049 772 dormitum
1082 707 1452 771 dimittitur.
1547 707 1679 771 Hic
1708 707 1821 771 ubi
1851 728 2019 790 saepe

388 820 736 885 Occultum
764 819 936 883 visus
965 819 1299 883 decurrere
1328 819 1520 902 piscis
1551 818 1631 882 ad
1661 819 1927 882 hamum
2284 838 2348 881 '1⁴-
2369 830 2419 872 Ε.
2442 830 2477 872 1·
2500 831 2560 872 1⁶·
2581 832 2645 873 61·

258 934 298 995 7
303 933 340 993 5
387 930 588 993 Mane
617 929 814 993 cliens
842 937 908 993 et
930 930 1067 1013 jam
1099 937 1310 993 certus
1341 930 1626 1008 conviva,
1643 929 1912 1013 jubetur

387 1041 568 1103 Rura
594 1039 959 1103 suburbana
985 1039 1243 1103 indictis
1272 1060 1485 1103 comes
1512 1039 1606 1102 ire
1637 1039 1908 1104 Latinis.

389 1151 742 1234 Impositus
771 1150 1024 1214 mannis
1055 1172 1277 1214 arvum
1308 1151 1663 1233 caelumque
1698 1150 2011 1214 Sabinum
2083 1161 2100 1179 ⁸
2282 1169 2397 1202 ¹⁸⁰¹·-
2419 1159 2467 1202 0·
2488 1161 2609 1202 ³·27·
2628 1160 2668 1202 ⁷·

386 1260 545 1325 Non
574 1268 777 1325 cessat
804 1260 1084 1325 laudare.
1110 1275 1139 1330 ιθ
1173 1260 1373 1325 Videt
1402 1261 1695 1345 ridetque
1724 1261 2080 1345 Philippus,

388 1375 498 1452 Et,
531 1373 653 1437 sibi
681 1373 839 1437 dum
866 1374 1174 1457 requiem,
1207 1373 1364 1436 dum
1391 1373 1559 1437 risus
1588 1374 1869 1457 undique
1900 1375 2151 1457 quaerit,

257 1488 345 1549 80
390 1486 567 1548 Dum
597 1492 841 1568 septem
870 1484 1068 1548 donat
1096 1485 1404 1563 sestertia,
1436 1492 1667 1548 mutua
1694 1493 1939 1568 septem

388 1596 745 1673 Promittit,
774 1595 1114 1679 persuadet
1141 1596 1240 1660 uti
1271 1606 1591 1659 mercetur
1620 1596 1922 1680 agellum.

388 1707 743 1772 Mercatur.
834 1707 940 1771 Ne
968 1715 1036 1770 te
1063 1707 1273 1790 longis
1304 1706 1682 1790 ambagibus
1711 1706 1883 1770 ultra
2280 1722 2393 1764 aab.
2415 1722 2457 1763 s.
2477 1725 2514 1765 2.
2536 1724 2573 1763 ε.
2594 1725 2633 1763 ο.

391 1818 606 1884 Quam
636 1816 791 1880 satis
820 1823 916 1880 est
943 1838 1176 1895 morer,
1208 1838 1285 1880 ex
1318 1816 1522 1881 nitido
1551 1819 1627 1882 fit
1655 1819 1933 1882 rusticus
1963 1826 2155 1901 atque
2279 1841 2362 1881 nn.
2382 1840 2434 1881 E.
2456 1841 2492 1880 1.
2511 1841 2560 1896 4.,
2571 1841 2633 1881 15.

393 1927 618 1991 Sulcos
647 1934 713 1990 et
741 1913 956 1992 vineta
984 1935 1200 2011 crepat
1228 1949 1405 1992 mera
1425 1954 1445 2007 3
1493 1937 1805 2012 praeparat
1833 1931 2061 2008 ulmos,
2280 1939 2383 1982 utu·-
2403 1941 2484 1992 Bp·
2503 1941 2542 1981 2-
2564 1942 2628 1982 10·

257 2039 342 2101 85
390 2037 770 2101 Immoritur
796 2036 1024 2101 studiis
1053 2046 1120 2101 et
1150 2058 1364 2102 amore
1394 2038 1666 2102 senescit
1696 2039 1994 2104 habendi.

394 2150 637 2212 Verum
666 2148 780 2211 ubi
809 2167 956 2211 oves
983 2147 1177 2226 furt0,
1209 2148 1435 2212 morbo
1465 2149 1707 2233 periere
1736 2151 2015 2234 capellae,

394 2260 591 2341 Spem
619 2258 893 2322 mentita
920 2279 1120 2341 seges,
1150 2258 1267 2322 bos
1296 2267 1393 2322 est
1422 2268 1684 2324 enectus
1714 2262 1972 2341 arande,
2282 2301 2393 2331 mn.
2414 2288 2519 2328 cs.
2541 2288 2576 2328 1.
2598 2291 2662 2329 so.

393 2370 695 2436 Offensus
724 2369 974 2433 damnis
1002 2369 1214 2433 media
1241 2369 1322 2434 de
1351 2378 1541 2434 nocte
1570 2371 1889 2436 caballum
2416 2340 2498 2393 EP'
2519 2340 2582 2380 ω’
2601 2341 2666 2381 ‘¹⁵'

164 2554 173 2560 .
256 2558 258 2560 .
390 2479 993 2565 Arripit-iratusque
1025 2480 1300 2564 Philippi
1330 2481 1541 2545 tendit
1570 2483 1651 2545 ad
1681 2482 1869 2547 aedes.

257 2594 347 2656 90
393 2591 606 2657 Quem
625 2590 817 2654 simul
836 2590 1118 2675 adspexit
1134 2592 1429 2655 scabrum
1445 2592 2258 2677 intonsumquePhilippus,

391 2702 631 2777 Durus,
664 2700 774 2778 ait,
806 2700 1047 2779 Voltei,
1078 2701 1268 2764 nimis
1299 2709 1711 2786 attentusque
1739 2704 1970 2767 videris
2286 2732 2370 2772 att.
2391 2729 2433 2771 s,
2452 2730 2491 2771 ².
2509 2731 2548 2771 c.
2568 2731 2632 2771 sa.

392 2813 549 2875 Esse
582 2810 763 2874 mihi.
857 2812 972 2875 Pol
1001 2832 1105 2874 me
1135 2811 1463 2889 miserum,
1488 2820 1775 2895 patrone,
1807 2834 2085 2893 vocareS,

392 2922 465 2986 Si
492 2921 704 3000 velles,
736 2920 967 3004 inquit,
999 2941 1221 2984 verum
1250 2920 1411 2983 mihi
1445 2942 1682 3005 ponere
1710 2945 1948 2987 nomen
1974 2925 1987 2988 ξ

392 3034 586 3100 Quod
616 3041 681 3097 te
710 3053 824 3116 per
855 3033 1138 3097 Genium
1168 3031 1583 3116 dextramque
1615 3033 1890 3117 deosque
1920 3035 2195 3100 Penates
2292 3043 2567 3133 (ΜΞ-1112
2585 3043 2684 3133 113³

255 3151 344 3213 95
392 3146 675 3215 Obsecro
703 3152 769 3208 et
799 3144 1107 3223 obtestor,
1136 3145 1287 3209 vitae
1315 3166 1419 3210 me
1448 3145 1640 3209 redde
1670 3147 1882 3229 priori.
2557 3123 2573 3135 ³
2672 3122 2683 3134 ⁸

393 3257 527 3322 Qui
557 3256 752 3320 semel
782 3255 1093 3340 adspexit,
1125 3265 1439 3339 quantum
1472 3257 1732 3321 dimissa
1761 3259 1977 3343 petitis

391 3369 731 3446 Praestent,
761 3376 1015 3432 mature
1044 3367 1262 3432 redeat
1291 3377 1665 3453 repetatque
1694 3370 1939 3435 relicta.
2289 3390 2394 3430 mae.
2416 3388 2642 3429 13.1.1.e.

390 3480 610 3545 Metiri
645 3500 714 3543 se
746 3500 1066 3563 quemque
1095 3501 1210 3543 suo
1240 3481 1501 3546 modulo
1532 3502 1604 3545 ac
1634 3482 1794 3564 pede
1823 3503 2044 3545 verum
2073 3490 2190 3548 est.
2288 3518 2376 3553 ver.
2398 3506 2440 3547 8.
2460 3506 2499 3547 2.
2519 3508 2557 3547 3.
2577 3506 2667 3550 312,

570 3637 652 3693 72.
689 3641 990 3693 l'cenamst.
1123 3640 1206 3691 96.
1241 3642 1410 3695 simul.
1546 3642 1628 3692 98.
1665 3643 1964 3695 ?verumst.
