3025 4776
390 315 501 369 224

398 1927 486 1958 ver.
507 1916 555 1957 C.
576 1916 613 1956 1.
632 1916 694 1956 37.
717 1915 779 1954 15.

401 3190 490 3219 scu.
512 3177 562 3217 E.
585 3178 621 3218 1.
642 3178 703 3217 17.
727 3178 787 3217 19.

402 3625 486 3665 inc.
508 3623 550 3665 8.
571 3625 607 3664 1.
628 3626 665 3663 3.
685 3625 748 3663 60.

401 4069 492 4117 imi,
514 4068 555 4108 S.
576 4068 612 4108 1.
633 4068 670 4107 4.
691 4069 754 4107 87.

400 4184 495 4224 der.
516 4184 566 4224 A.
587 4184 635 4226 Ρ.
657 4185 746 4224 433.

1227 311 1294 384 ρ.
1340 312 1658 392 HORATJ
1690 311 1977 369 FLACCJ

815 480 970 543 Plus
998 486 1296 563 poscente
1323 480 1533 544 ferent
1557 507 1575 559 3
1622 481 1839 560 distat,
1870 502 2166 544 sumasne
2195 481 2530 565 pudenter,

815 592 924 654 An
952 591 1177 674 rapias.
1268 591 1472 673 Atqui
1502 611 1719 654 rerum
1749 598 1940 674 caput
1966 591 2090 653 hoc
2120 600 2279 669 erat,
2310 591 2415 654 hic
2444 592 2606 655 fons.
2725 596 2810 654 45

816 701 1123 764 Indotata
1149 700 1311 762 mihi
1341 721 1520 763 soror
1549 708 1666 777 est,
1699 701 2084 784 paupercula
2112 707 2338 779 mater,

818 811 907 874 Et
935 810 1174 874 fundus
1204 830 1321 873 nec
1350 809 1686 873 vendibilis
1715 831 1833 873 nec
1863 831 2117 894 pascere
2146 811 2390 889 firmus,

822 921 953 986 Qui
983 920 1157 998 dicit,
1190 920 1424 982 clamat
1451 944 1464 983 :
1512 919 1782 982 Victum
1812 918 1981 982 date.
2073 919 2363 982 Succinit
2395 920 2595 983 alter:

818 1032 908 1094 Et
937 1030 1098 1092 mihi
1130 1028 1388 1093 dividuo
1416 1028 1696 1092 findetur
1725 1049 1990 1092 munere
2021 1028 2283 1112 quadra.

822 1138 949 1201 Sed
978 1138 1212 1201 tacitus
1240 1139 1411 1221 pasci
1441 1139 1495 1201 si
1525 1146 1738 1221 posset
1768 1159 2015 1216 corvus,
2048 1138 2314 1202 haberet
2730 1143 2819 1202 50

826 1249 978 1311 Plus
1007 1248 1186 1331 dapis
1216 1255 1281 1311 et
1308 1249 1463 1312 rixae
1495 1249 1703 1312 multo
1733 1249 1947 1311 minus
1977 1248 2378 1332 invidiaeque.

823 1357 1240 1422 Brundisium
1270 1380 1481 1422 comes
1511 1367 1625 1422 aut
1658 1360 2042 1421 Surrentum
2075 1359 2304 1422 ductus
2335 1381 2679 1438 amoenum,

825 1470 957 1535 Qui
988 1470 1276 1551 queritur
1305 1470 1585 1533 salebras
1615 1478 1681 1533 et
1712 1470 2012 1532 acerbum
2043 1469 2249 1552 frigus
2278 1477 2344 1532 et
2382 1470 2637 1547 imbreS‚

822 1583 959 1644 Aut
990 1581 1215 1642 cistam
1247 1580 1574 1643 effractam
1604 1589 1670 1643 et
1699 1580 2016 1643 subducta
2045 1581 2277 1643 viatica
2305 1581 2530 1663 plorat,

823 1692 1002 1755 Nota
1029 1691 1224 1753 refert
1253 1691 1605 1754 meretricis
1636 1691 1951 1768 acumina,
1986 1712 2148 1772 saepe
2179 1691 2494 1768 catellam,
2729 1694 2814 1753 55

827 1802 1009 1883 Saepe
1037 1800 1470 1883 periscelidem
1500 1808 1750 1885 raptam
1781 1801 1900 1864 sibi
1934 1801 2161 1878 flentis,
2193 1802 2291 1863 uti
2321 1822 2470 1864 mox

822 1912 1026 1975 Nulla
1054 1911 1211 1973 fides
1241 1911 1489 1974 damnis
1521 1911 1808 1993 verisque
1839 1910 2163 1973 doloribus
2193 1911 2378 1973 adsit.

823 2025 965 2087 Nec
994 2024 1190 2086 semel
1219 2024 1440 2086 irrisus
1469 2024 1673 2087 triviis
1704 2024 1994 2086 attollere
2027 2030 2208 2087 curat

823 2134 1055 2196 Fracto
1085 2152 1268 2195 crure
1298 2133 1581 2216 planum,
1614 2133 1764 2196 licet
1793 2133 1886 2195 illi
1921 2133 2193 2215 plurima
2221 2140 2440 2195 manet

826 2243 1140 2320 Lacrima,
1171 2263 1285 2326 per
1313 2250 1607 2305 sanctum
1633 2243 1887 2325 juratus
1918 2242 2088 2304 dicat
2121 2243 2360 2306 Osirim
2387 2268 2400 2306 :
2731 2247 2823 2306 60

826 2352 1106 2437 Credite,
1137 2374 1269 2446 non
1305 2352 1494 2431 ludo;
1544 2352 1850 2430 crudeles,
1883 2352 2088 2416 tollite
2119 2351 2438 2423 claudum.

828 2470 1058 2534 Quaere
1088 2468 1518 2551 peregrinum,
1549 2468 1785 2532 vicinia
1813 2489 2005 2531 rauca
2033 2469 2360 2532 reclamat.

1696 2898 1962 2963 XVIII.

829 3044 903 3106 81
935 3044 1100 3107 bene
1129 3050 1195 3107 te
1224 3045 1391 3123 novi,
1426 3053 1695 3122 metues,
1723 3046 2052 3110 liberrime
2084 3048 2272 3123 Lolli,

830 3152 1195 3214 Scurrantis
1225 3153 1498 3235 speciem
1529 3153 1834 3235 praebere,
1866 3154 2182 3236 professus
2215 3156 2512 3219 amicum.

829 3265 924 3327 Ut
953 3272 1245 3326 matrona
1276 3265 1597 3328 meretrici
1629 3265 1840 3347 dispar
1870 3267 1992 3328 erit
2024 3276 2215 3349 atque

827 3375 1135 3447 Discolor,
1166 3374 1364 3437 infido
1395 3396 1629 3439 scurrae
1658 3375 1922 3439 distabit
1953 3377 2211 3441 amicus.

827 3486 947 3549 Est
975 3485 1126 3547 huic
1155 3486 1475 3548 diversum
1506 3486 1664 3549 vitio
1695 3487 1921 3550 vitium
1953 3510 2146 3571 prope
2177 3491 2404 3573 majus,
2785 3497 2827 3555 5

826 3596 1156 3677 Asperitas
1187 3596 1452 3677 agrestis
1484 3603 1551 3658 et
1577 3596 1962 3659 inconcinna
1992 3600 2342 3681 gravisque,

830 3708 993 3771 Quae
1023 3728 1090 3769 se
1120 3707 1525 3769 commendat
1553 3713 1740 3768 tonsa
1769 3717 1937 3785 cute,
1969 3708 2268 3771 dentibus
2298 3709 2472 3786 atris,

827 3817 1004 3879 Dum
1034 3818 1171 3879 vult
1200 3817 1460 3879 libertas
1491 3816 1617 3879 dici
1650 3837 1825 3879 mera
1854 3839 2127 3901 veraque
2156 3820 2380 3882 virtus.

826 3928 1051 3989 Virtus
1082 3934 1178 3989 est
1209 3927 1492 3989 medium
1521 3926 1825 3989 vitiorum
1854 3936 1919 3990 et
1949 3929 2274 4011 utrimque
2305 3928 2660 3992 reductum.

825 4037 1013 4099 Alter
1041 4037 1109 4098 in
1139 4035 1516 4117 obsequium
1546 4035 1689 4118 plus
1721 4057 1905 4117 aequo
1935 4059 2174 4120 pronus
2204 4048 2269 4102 et
2299 4038 2414 4101 imi
2749 4043 2837 4103 10

825 4146 1089 4210 Derisor
1116 4145 1266 4208 lecti
1297 4146 1387 4209 sic
1417 4156 1648 4208 nutum
1682 4145 1897 4209 divitis
1927 4147 2164 4225 horret,

829 4256 936 4320 Sic
965 4256 1155 4318 itcrat
1185 4276 1367 4317 voces
1398 4266 1461 4318 ct
1494 4255 1683 4318 verba
1715 4256 2008 4319 cadentia
2041 4258 2232 4335 tollit,
