3025 4776
234 572 327 636 50

241 1165 323 1227 55

245 2393 328 2455 65

250 2980 335 3042 70

253 3569 334 3631 75

984 289 1437 349 οΑΒΜΙΝΠΜ’
1498 289 1655 348 LIB.
1697 290 1811 349 IV.
1853 289 1926 349 iv.

500 453 811 537 Dixitque
830 452 1102 517 'tandem
1131 453 1413 538 perfidus
1448 453 1822 519 Hannibal:

439 574 485 606 “
502 568 710 646 Cervi,
742 568 1042 651 luporum
1070 566 1284 650 praeda
1321 565 1672 648 rapacium,

589 682 932 746 Sectamur
958 679 1152 757 ultro,
1188 692 1346 761 quos
1376 677 1634 761 opimus

674 790 923 856 Fallere
953 797 1020 853 et
1046 789 1325 873 effugere
1355 795 1453 852 est
1478 785 1865 872 triumphuS.

437 945 482 977 “
503 941 701 1017 Gens,
736 959 879 1021 quoe
909 943 1191 1001 cremato
1220 935 1405 999 fortis
1436 935 1517 1001 ab
1547 935 1675 1000 Ilio

500 1052 543 1115 J
547 1056 758 1114 actata
784 1047 1010 1113 Tuscis
1039 1046 1399 1129 aequoribus
1428 1067 1630 1126 sacra,

586 1160 924 1242 Natosque
951 1162 1365 1239 maturosque
1392 1162 1607 1240 patres

672 1268 952 1334 Pertulit
980 1267 1299 1332 Ausonias
1330 1265 1412 1330 ad
1441 1265 1652 1345 urbes,

431 1422 477 1454 “
500 1416 699 1482 Duris
727 1422 803 1478 ut
831 1415 958 1481 ilex
984 1423 1175 1478 tonsa
1201 1411 1589 1497 bipennibus

500 1528 726 1611 Nigrae
753 1526 949 1591 feraci
976 1524 1221 1591 frondis
1249 1524 1322 1587 in
1349 1522 1611 1607 Algido,

587 1643 715 1706 Per
742 1641 998 1720 damna,
1027 1662 1144 1726 per
1171 1640 1393 1718 caedes,
1427 1638 1507 1703 ab
1537 1640 1678 1723 ipso

673 1752 874 1818 Ducit
902 1773 1053 1837 opes
1083 1752 1495 1835 animumque
1523 1752 1715 1816 ferro.

446 1910 490 1942 “
509 1903 668 1968 Non
699 1902 929 1989 Hydra
956 1910 1133 1967 secto
1163 1923 1427 1987 corpore
1455 1901 1702 1966 firmior

504 2015 701 2079 Vinci
729 2014 1053 2079 dolentem
1085 2014 1282 2078 crevit
1311 2013 1382 2077 in
1414 2012 1806 2077 Herculem:

586 2128 1038 2191 Monstrumve
1067 2123 1418 2188 submisere
1446 2123 1678 2229 (Jolchi

677 2234 919 2320 Majus,
950 2234 1357 2300 Echioniaeve
1385 2234 1645 2299 Thebae.

444 2392 488 2425 “
510 2386 758 2452 Merses
784 2383 1122 2470 profund0,
1154 2382 1481 2468 pulchrior
1508 2383 1760 2450 evenit:

504 2498 800 2574 Luctere,
830 2495 1039 2558 multa
1063 2500 1328 2578 proruet
1354 2493 1684 2578 integrum

470 2608 480 2617 ’
591 2608 761 2673 Cum
787 2604 976 2670 laude
1004 2604 1333 2682 victorem,
1367 2612 1674 2688 geretque

649 2717 887 2782 Proelia
915 2715 1295 2800 conjugibus
1322 2715 1664 2799 loquenda.

438 2871 485 2903 “
503 2864 885 2949 Carthagini
908 2866 1045 2948 jam
1075 2885 1210 2928 non
1239 2884 1358 2947 ego
1387 2865 1654 2928 nuntios

506 2977 778 3042 Mittam
807 2976 1111 3061 superbos
1132 3003 1151 3055 3
1200 2975 1457 3054 occidit,
1490 2975 1728 3039 occidit

603 3089 762 3171 Spes
790 3086 1001 3150 omnis
1030 3092 1099 3149 et
1126 3086 1388 3149 fortuna
1414 3086 1621 3149 nostri

681 3197 1009 3276 Nominis,
1044 3196 1454 3261 Hasdrubale
1482 3197 1889 3280 interempto.

446 3345 627 3410 “Nil
655 3345 943 3411 Claudiae
971 3367 1103 3409 non
1131 3345 1465 3429 perficient
1494 3365 1726 3408 manus
1752 3368 1768 3408 ε

512 3458 690 3524 Quas
719 3464 787 3521 et
812 3456 1095 3539 benigno
1124 3455 1396 3519 numine
1427 3454 1729 3538 Juppiter
1769 3491 1774 3498 ·

597 3565 928 3643 Defendit,
959 3572 1025 3627 et
1055 3586 1223 3629 curae
1254 3574 1512 3647 sagaces

683 3665 1054 3760 Expediunt
1082 3696 1194 3759 per
1225 3681 1416 3738 acuta
1442 3673 1664 3738 belli.''

1046 3834 1127 3887 ¹73.
1162 3835 1460 3898 perficiunt.

2267 2038 2355 2082 οὔτε.
2375 2038 2464 2082 dol.
2486 2038 2662 2083 O.1.e.6.
2731 2086 2736 2089 x
