3025 4776
1160 330 1321 387 ΑΕΒ
1373 329 1738 389 ΡΟΕΤΙΟΑ.
2520 339 2631 395 259

387 487 663 554 Laetitiae
684 513 705 567 3
752 487 1054 553 clamabit
1082 489 1254 554 enim
1287 491 1599 556 Pulchre!
1649 492 1812 556 bene
1840 490 1853 556 !
1905 498 2078 556 recte
2106 491 2120 554 l

385 599 696 662 Pallesoet
725 620 915 683 super
942 599 1067 678 his,
1099 601 1294 663 etiam
1324 601 1595 665 stillabit
1624 603 1846 690 amicis

206 710 344 773 430
385 709 482 772 Ex
514 709 715 773 oculis
744 729 977 789 rorem,
1009 711 1217 789 saliet,
1246 711 1479 774 tundet
1508 712 1669 795 pede
1699 720 1973 777 terram:

387 820 510 897 Ut,
543 819 656 902 qui
684 819 985 884 conducti
1014 820 1266 904 plorant
1295 820 1364 883 in
1393 821 1640 900 funere,
1671 822 1896 885 dicunt

386 931 474 993 Et
503 930 748 993 faciunt
776 950 971 1014 prope
1000 930 1186 1013 plura
1215 930 1579 995 dolentibus
1609 953 1687 995 ex
1716 932 1953 1011 animo,
1985 932 2077 995 sic

387 1040 651 1104 Derisor
678 1061 826 1104 vero
853 1041 995 1124 plus
1023 1040 1351 1104 laudatore
1381 1049 1699 1106 movetur.
2239 1064 2331 1107 aer.
2385 1076 2422 1105 v.
2443 1065 2532 1104 462.

389 1152 599 1235 Reges
628 1152 933 1216 dicuntur
959 1152 1183 1216 multis
1212 1174 1441 1236 urgere
1471 1153 1729 1217 culullis
2239 1188 2323 1229 m,
2344 1115 2395 1228 ἒ
2399 1114 2633 1228 1131181111

212 1266 343 1327 435
387 1264 477 1327 Et
504 1270 802 1347 torquere
830 1284 1027 1342 mero,
1060 1284 1253 1345 quem
1280 1265 1673 1347 perspexisse
1701 1263 2015 1342 laborant,
2241 1289 2325 1329 eor.
2346 1287 2398 1329 n.
2422 1288 2458 1329 1.
2481 1288 2542 1328 is.
2559 1289 2625 1328 as.

388 1375 498 1437 An
527 1373 611 1436 sit
640 1373 923 1436 amicitia
951 1373 1222 1456 dignus:
1271 1374 1326 1436 si
1356 1374 1641 1437 carmina
1670 1374 1922 1451 condes,

389 1485 765 1566 Numquam
796 1490 863 1547 te
892 1483 1119 1547 fallant
1150 1484 1349 1547 animi
1380 1484 1501 1548 sub
1532 1485 1714 1568 volpe
1740 1485 2037 1548 latentes.

391 1593 709 1661 Quintilio
739 1593 795 1656 si
825 1593 980 1675 quid
1006 1594 1330 1672 recitares,
1366 1594 1630 1677 Corrige
1659 1594 1843 1658 sodes

389 1704 558 1780 Hoc,
591 1702 822 1782 aiebat,
855 1711 921 1766 et
949 1704 1110 1780 hoc,
1159 1703 1387 1766 melius
1415 1711 1481 1767 te
1510 1724 1692 1787 posse
1721 1725 2006 1787 negares,

220 1818 349 1880 440
393 1815 507 1879 Bis
535 1821 764 1897 terque
794 1821 1126 1897 expertum
1156 1814 1415 1892 frustra,
1451 1814 1659 1878 delere
1681 1814 1951 1899 jubebat

390 1927 481 1990 Et
509 1926 676 1989 male
706 1932 993 1989 tornatos
1022 1925 1242 1989 incudi
1270 1925 1535 1989 reddere
1563 1946 1801 1989 versus·

395 2039 467 2103 Si
495 2039 831 2103 defendere
863 2038 1168 2102 delictum
1200 2060 1394 2121 quam
1422 2045 1670 2101 vertere
1698 2036 1943 2113 malles,

392 2150 666 2214 Nullum
675 2149 848 2212 ultra
864 2149 1129 2212 verbum
1150 2157 1262 2212 aut
1280 2169 1537 2232 operam
1554 2145 1919 2211 insumebat
1932 2145 2210 2223 inanem,

396 2261 576 2328 Quin
604 2261 743 2324 sine
771 2258 951 2322 rivali
980 2266 1172 2341 teque
1201 2266 1267 2322 et
1296 2266 1409 2321 tua
1439 2258 1611 2321 solus
1641 2277 1906 2320 amares.
2236 2284 2326 2322 ⁴⁴⁴.
2348 2271 2399 2313 n.
2419 2272 2457 2312 ε.
2477 2272 2515 2313 2.
2537 2272 2623 2311 ms.

220 2374 347 2436 445
394 2370 514 2434 Vir
540 2369 748 2435 bonus
776 2376 842 2433 et
871 2368 1149 2452 prudens
1177 2390 1394 2433 versus
1422 2367 1840 2452 reprehendet
1868 2366 2126 2444 inertes,

395 2480 698 2563 Culpabit
729 2479 942 2555 duros,
973 2478 1314 2562 incomptis
1344 2478 1564 2541 allinet
1595 2485 1807 2542 atrum

391 2592 775 2655 Transverso
802 2589 1047 2653 calamo
1076 2590 1353 2671 signum,
1388 2589 1727 2653 ambitiosa
1754 2589 1993 2653 recidet
2240 2630 2326 2662 m.
2349 2619 2391 2661 3,
2413 2618 2448 2661 ι,
2472 2620 2532 2659 ιο,
2553 2620 2617 2660 ω,
2705 2604 2710 2611 ·

397 2704 813 2778 Ornamenta‚
846 2721 1076 2783 parum
1106 2699 1290 2762 claris
1318 2699 1531 2764 lucem
1561 2700 1711 2764 dare
1740 2713 1948 2783 coget,

394 2814 649 2894 Arguet
677 2809 972 2891 ambigue
1002 2807 1270 2887 dictum,
1302 2809 1612 2873 mutanda
1639 2808 1910 2885 notabit,

223 2925 353 2987 450
397 2922 540 2985 Fiet
568 2919 1015 2996 Aristarchus;
1062 2939 1193 2982 non
1223 2917 1393 2982 dicet
1420 2944 1434 2982 z
1483 2920 1617 2983 Cur
1644 2939 1764 3000 ego
1795 2917 2072 2980 amicum
2241 2940 2331 2983 ⁴50.
2353 2931 2403 2973 a.
2425 2931 2523 2972 az.
2546 2932 2634 2972 110.

396 3028 736 3108 Offendam
762 3030 831 3093 in
861 3029 1053 3111 nugis
1075 3029 1106 3089 ἲ
1196 3028 1323 3092 Hae
1353 3050 1544 3111 nugae
1574 3029 1737 3091 seria
1765 3028 2003 3091 ducent

396 3142 481 3205 In
509 3139 680 3203 mala
708 3138 990 3201 derisum
1019 3138 1215 3201 semel
1246 3147 1708 3222 exceptumque
1737 3137 2011 3200 sinistre.

399 3252 497 3315 Ut
526 3250 696 3313 mala
727 3269 918 3332 quem
947 3248 1191 3311 scabies
1223 3256 1336 3311 aut
1365 3248 1629 3311 morbus
1657 3248 1872 3330 regius
1901 3254 2089 3330 urget

390 3362 528 3425 Aut
555 3359 869 3423 fanaticus
898 3379 1074 3422 error
1103 3367 1168 3421 et
1197 3357 1502 3421 iracunda
1532 3358 1764 3437 Diana,

226 3474 355 3533 455
400 3472 735 3533 Vesanum
762 3468 1051 3550 tetigisse
1081 3468 1315 3530 timent
1344 3466 1732 3550 fugiuntque
1760 3474 2038 3552 poEtam,
2245 3485 2329 3515 να-
2363 3485 2421 3565 If
2435 3475 2552 3563 13⁰3).
2573 3523 2613 3563 ³.

403 3585 532 3651 Qui
563 3585 821 3667 sapiunt
847 3610 866 3661 3
913 3583 1163 3666 agitant
1193 3582 1373 3665 pueri
1403 3581 1771 3665 incautique
1800 3591 2172 3666 sequuntur.

404 3696 559 3774 Hic,
592 3694 746 3758 dum
777 3693 1069 3757 sublimis
1098 3713 1316 3756 versus
1343 3700 1637 3755 ructatur
1666 3701 1733 3755 et
1762 3702 1955 3772 errat,

404 3806 476 3868 Si
504 3804 702 3871 ,veluti
731 3802 992 3867 merulis
1019 3803 1308 3865 intentus
1339 3801 1575 3866 decidit
1605 3823 1834 3885 auceps
1983 3804 1994 3808 ’

402 3917 487 3981 In
518 3923 783 4000 puteum
812 3914 1158 3992 foveamve,
1190 3914 1363 3991 licet,
1399 3912 1793 3992 Succurrite,
1824 3914 2089 3997 longum

229 4031 361 4093 460
405 4027 680 4102 Clamet,
710 4027 789 4089 Io
820 4025 987 4088 cives
1014 4024 1028 4086 ἒ
1080 4045 1212 4087 non
1240 4024 1345 4101 sit,
1380 4023 1490 4106 qui
1520 4024 1744 4087 tollere
1773 4032 1973 4088 curet.

407 4137 480 4200 Si
510 4142 691 4200 curet
721 4135 863 4217 quis
892 4156 1078 4218 opem
1106 4135 1270 4198 ferre
1301 4142 1365 4198 et
1394 4134 1732 4229 demittere
1760 4136 2001 4213 funem,

343 4262 459 4314 435.
490 4263 746 4313 laborent.
879 4260 995 4312 437.
1030 4262 1244 4321 fallent3
1280 4264 1511 4312 latentis.
1644 4265 1758 4313 438.
1794 4264 2091 4325 Quinctilio.

750 4324 864 4376 447.
902 4332 1149 4375 traverso.
1285 4329 1397 4376 456.
1435 4332 1694 4376 secuntur.
