<?xml version="1.0" encoding="UTF-8"?>
<!DOCTYPE html PUBLIC "-//W3C//DTD XHTML 1.0 Transitional//EN"
    "http://www.w3.org/TR/xhtml1/DTD/xhtml1-transitional.dtd">
<html xmlns="http://www.w3.org/1999/xhtml" xml:lang="en" lang="en">
 <head>
  <title>
</title>
<meta http-equiv="Content-Type" content="text/html;charset=utf-8" />
  <meta name='ocr-system' content='tesseract 3.04.00' />
  <meta name='ocr-capabilities' content='ocr_page ocr_carea ocr_par ocr_line ocrx_word'/>
</head>
<body>
  <div class='ocr_page' id='page_1' title='image "./quintihoratifla03horagoog_0119.png"; bbox 0 0 3025 4776; ppageno 0'>
   <div class='ocr_carea' id='block_1_1' title="bbox 2621 323 2693 381">
    <p class='ocr_par' dir='ltr' id='par_1_1' title="bbox 2621 323 2693 381">
     <span class='ocr_line' id='line_1_1' title="bbox 2621 323 2693 381; baseline 0.069 -5"><span class='ocrx_word' id='word_1_1' title='bbox 2621 323 2693 381; x_wconf 77' lang='lat'><strong>87</strong></span> 
     </span>
    </p>
   </div>
   <div class='ocr_carea' id='block_1_2' title="bbox 371 1431 2556 1551">
    <p class='ocr_par' dir='ltr' id='par_1_2' title="bbox 371 1431 2556 1551">
     <span class='ocr_line' id='line_1_2' title="bbox 371 1431 2556 1551; baseline 0.001 -3"><span class='ocrx_word' id='word_1_2' title='bbox 371 1431 469 1548; x_wconf 82' lang='lat' dir='ltr'><strong>Q.</strong></span> <span class='ocrx_word' id='word_1_3' title='bbox 587 1433 1126 1541; x_wconf 80' lang='lat' dir='ltr'><strong>HORA&#39;I&#39;I</strong></span> <span class='ocrx_word' id='word_1_4' title='bbox 1241 1436 1758 1543; x_wconf 83' lang='lat' dir='ltr'><strong>FLAOOI</strong></span> <span class='ocrx_word' id='word_1_5' title='bbox 1874 1441 2556 1551; x_wconf 81' lang='lat' dir='ltr'><strong>CARMINA.</strong></span> 
     </span>
    </p>
   </div>
   <div class='ocr_carea' id='block_1_3' title="bbox 1224 1679 1618 1695">
    <p class='ocr_par' dir='ltr' id='par_1_3' title="bbox 1224 1679 1618 1695">
     <span class='ocr_line' id='line_1_3' title="bbox 1224 1679 1618 1695; baseline 0 3081"><span class='ocrx_word' id='word_1_6' title='bbox 1224 1679 1618 1695; x_wconf 95' lang='lat' dir='ltr'><strong> </strong></span> 
     </span>
    </p>
   </div>
   <div class='ocr_carea' id='block_1_4' title="bbox 994 1848 2017 1952">
    <p class='ocr_par' dir='ltr' id='par_1_4' title="bbox 994 1848 2017 1952">
     <span class='ocr_line' id='line_1_4' title="bbox 994 1848 2017 1952; baseline 0.005 -21"><span class='ocrx_word' id='word_1_7' title='bbox 994 1848 1341 1932; x_wconf 85' lang='lat' dir='ltr'>LIBER</span> <span class='ocrx_word' id='word_1_8' title='bbox 1456 1849 2017 1952; x_wconf 78' lang='lat' dir='ltr'><strong>QUARTUS.</strong></span> 
     </span>
    </p>
   </div>
   <div class='ocr_carea' id='block_1_5' title="bbox 1435 2098 1494 2161">
    <p class='ocr_par' dir='ltr' id='par_1_5' title="bbox 1435 2098 1494 2161">
     <span class='ocr_line' id='line_1_5' title="bbox 1435 2098 1494 2161; baseline 0.017 -1"><span class='ocrx_word' id='word_1_9' title='bbox 1435 2098 1494 2161; x_wconf 91' lang='grc' dir='ltr'><strong>Ι.</strong></span> 
     </span>
    </p>
   </div>
   <div class='ocr_carea' id='block_1_6' title="bbox 445 2243 2122 2442">
    <p class='ocr_par' dir='ltr' id='par_1_6' title="bbox 445 2243 2122 2442">
     <span class='ocr_line' id='line_1_6' title="bbox 445 2243 2056 2347; baseline 0.002 -40"><span class='ocrx_word' id='word_1_10' title='bbox 445 2245 879 2323; x_wconf 68' lang='lat' dir='ltr'><strong>InmamssA,</strong></span> <span class='ocrx_word' id='word_1_11' title='bbox 908 2244 1153 2322; x_wconf 89' lang='lat' dir='ltr'><strong>Venus,</strong></span> <span class='ocrx_word' id='word_1_12' title='bbox 1199 2243 1312 2309; x_wconf 83' lang='lat' dir='ltr'><strong>diu</strong></span> <span class='ocrx_word' id='word_1_13' title='bbox 2049 2342 2056 2347; x_wconf 74' lang='lat'><strong>.</strong></span> 
     </span>
     <span class='ocr_line' id='line_1_7' title="bbox 529 2355 2122 2442; baseline 0.001 -22"><span class='ocrx_word' id='word_1_14' title='bbox 529 2356 776 2421; x_wconf 84' lang='lat' dir='ltr'><strong>Rursus</strong></span> <span class='ocrx_word' id='word_1_15' title='bbox 803 2356 972 2421; x_wconf 88' lang='lat' dir='ltr'><strong>bella</strong></span> <span class='ocrx_word' id='word_1_16' title='bbox 998 2356 1263 2421; x_wconf 84' lang='lat' dir='ltr'><strong>moves?</strong></span> <span class='ocrx_word' id='word_1_17' title='bbox 1354 2355 1574 2434; x_wconf 81' lang='lat' dir='ltr'><strong>Parce,</strong></span> <span class='ocrx_word' id='word_1_18' title='bbox 1607 2377 1849 2441; x_wconf 90' lang='lat' dir='ltr'><strong>precor,</strong></span> <span class='ocrx_word' id='word_1_19' title='bbox 1880 2377 2122 2442; x_wconf 84' lang='lat' dir='ltr'><strong>precor.</strong></span> 
     </span>
    </p>
   </div>
   <div class='ocr_carea' id='block_1_7' title="bbox 272 2465 2597 2770">
    <p class='ocr_par' dir='ltr' id='par_1_7' title="bbox 272 2465 2597 2770">
     <span class='ocr_line' id='line_1_8' title="bbox 442 2465 2571 2550; baseline -0.001 -19"><span class='ocrx_word' id='word_1_20' title='bbox 442 2465 595 2531; x_wconf 90' lang='lat' dir='ltr'><strong>Non</strong></span> <span class='ocrx_word' id='word_1_21' title='bbox 626 2488 792 2545; x_wconf 89' lang='lat' dir='ltr'><strong>sum,</strong></span> <span class='ocrx_word' id='word_1_22' title='bbox 826 2467 1030 2550; x_wconf 90' lang='lat' dir='ltr'><strong>qualis</strong></span> <span class='ocrx_word' id='word_1_23' title='bbox 1061 2487 1236 2530; x_wconf 88' lang='lat' dir='ltr'><strong>eram</strong></span> <span class='ocrx_word' id='word_1_24' title='bbox 1266 2466 1451 2531; x_wconf 79' lang='lat' dir='ltr'>bonae</span> <span class='ocrx_word' id='word_1_25' title='bbox 2286 2485 2512 2537; x_wconf 72' lang='lat'><strong>,.13.1.1.</strong></span> <span class='ocrx_word' id='word_1_26' title='bbox 2533 2487 2571 2529; x_wconf 62' lang='grc' dir='ltr'>ι</span> 
     </span>
     <span class='ocr_line' id='line_1_9' title="bbox 530 2575 1866 2658; baseline 0.001 -18"><span class='ocrx_word' id='word_1_27' title='bbox 530 2575 666 2640; x_wconf 88' lang='lat' dir='ltr'><strong>Sub</strong></span> <span class='ocrx_word' id='word_1_28' title='bbox 696 2596 893 2658; x_wconf 87' lang='lat' dir='ltr'><strong>regno</strong></span> <span class='ocrx_word' id='word_1_29' title='bbox 923 2576 1192 2641; x_wconf 86' lang='lat' dir='ltr'><strong>Cinarae.</strong></span> <span class='ocrx_word' id='word_1_30' title='bbox 1284 2577 1548 2656; x_wconf 83' lang='lat' dir='ltr'>Desine,</span> <span class='ocrx_word' id='word_1_31' title='bbox 1580 2576 1866 2642; x_wconf 85' lang='lat' dir='ltr'><strong>dulcium</strong></span> 
     </span>
     <span class='ocr_line' id='line_1_10' title="bbox 272 2686 2597 2770; baseline -0.007 -18"><span class='ocrx_word' id='word_1_32' title='bbox 272 2692 310 2752; x_wconf 88' lang='lat'>5</span> <span class='ocrx_word' id='word_1_33' title='bbox 444 2687 663 2751; x_wconf 78' lang='lat' dir='ltr'><strong>Mater</strong></span> <span class='ocrx_word' id='word_1_34' title='bbox 691 2708 857 2752; x_wconf 84' lang='lat' dir='ltr'><strong>saeva</strong></span> <span class='ocrx_word' id='word_1_35' title='bbox 886 2686 1301 2770; x_wconf 86' lang='lat' dir='ltr'><strong>Cupidinum,</strong></span> <span class='ocrx_word' id='word_1_36' title='bbox 2287 2701 2324 2745; x_wconf 72' lang='grc' dir='ltr'><strong>ς.</strong></span> <span class='ocrx_word' id='word_1_37' title='bbox 2345 2692 2394 2735; x_wconf 87' lang='lat' dir='ltr'><strong>c.</strong></span> <span class='ocrx_word' id='word_1_38' title='bbox 2416 2694 2452 2736; x_wconf 85' lang='lat'><strong>1.</strong></span> <span class='ocrx_word' id='word_1_39' title='bbox 2475 2694 2537 2735; x_wconf 74' lang='grc' dir='ltr'><strong>ιο.</strong></span> <span class='ocrx_word' id='word_1_40' title='bbox 2558 2693 2597 2735; x_wconf 88' lang='lat'><strong>1.</strong></span> 
     </span>
    </p>
   </div>
   <div class='ocr_carea' id='block_1_8' title="bbox 271 2796 2595 3429">
    <p class='ocr_par' dir='ltr' id='par_1_8' title="bbox 271 2796 2595 3429">
     <span class='ocr_line' id='line_1_11' title="bbox 524 2796 1810 2863; baseline -0.001 0"><span class='ocrx_word' id='word_1_41' title='bbox 524 2798 712 2863; x_wconf 86' lang='lat' dir='ltr'><strong>Circa</strong></span> <span class='ocrx_word' id='word_1_42' title='bbox 739 2798 944 2861; x_wconf 82' lang='lat' dir='ltr'><strong>lustra</strong></span> <span class='ocrx_word' id='word_1_43' title='bbox 972 2797 1193 2862; x_wconf 86' lang='lat' dir='ltr'><strong>decem</strong></span> <span class='ocrx_word' id='word_1_44' title='bbox 1222 2799 1476 2863; x_wconf 87' lang='lat' dir='ltr'><strong>flectere</strong></span> <span class='ocrx_word' id='word_1_45' title='bbox 1505 2796 1810 2862; x_wconf 86' lang='lat' dir='ltr'><strong>mollibus</strong></span> 
     </span>
     <span class='ocr_line' id='line_1_12' title="bbox 440 2906 1430 2991; baseline -0.001 -19"><span class='ocrx_word' id='word_1_46' title='bbox 440 2910 482 2972; x_wconf 85' lang='lat' dir='ltr'><strong>J</strong></span> <span class='ocrx_word' id='word_1_47' title='bbox 486 2930 591 2971; x_wconf 88' lang='lat' dir='ltr'><strong>am</strong></span> <span class='ocrx_word' id='word_1_48' title='bbox 621 2906 855 2971; x_wconf 88' lang='lat' dir='ltr'><strong>durum</strong></span> <span class='ocrx_word' id='word_1_49' title='bbox 883 2908 1187 2991; x_wconf 89' lang='lat' dir='ltr'><strong>imperiis.</strong></span> <span class='ocrx_word' id='word_1_50' title='bbox 1277 2908 1430 2986; x_wconf 89' lang='lat' dir='ltr'><strong>Abi,</strong></span> 
     </span>
     <span class='ocr_line' id='line_1_13' title="bbox 525 3019 2595 3105; baseline -0.002 -19"><span class='ocrx_word' id='word_1_51' title='bbox 525 3021 674 3087; x_wconf 82' lang='lat' dir='ltr'><strong>Quo</strong></span> <span class='ocrx_word' id='word_1_52' title='bbox 700 3019 952 3084; x_wconf 73' lang='lat' dir='ltr'><strong>blandae</strong></span> <span class='ocrx_word' id='word_1_53' title='bbox 972 3020 1286 3105; x_wconf 83' lang='lat' dir='ltr'><strong>juvenum</strong></span> <span class='ocrx_word' id='word_1_54' title='bbox 1316 3028 1382 3084; x_wconf 82' lang='lat' dir='ltr'><strong>te</strong></span> <span class='ocrx_word' id='word_1_55' title='bbox 1410 3027 1710 3084; x_wconf 81' lang='lat' dir='ltr'><strong>revocant</strong></span> <span class='ocrx_word' id='word_1_56' title='bbox 1738 3039 1976 3103; x_wconf 88' lang='lat' dir='ltr'><strong>preces.</strong></span> <span class='ocrx_word' id='word_1_57' title='bbox 2284 3042 2322 3081; x_wconf 77' lang='lat' dir='ltr'><strong>s.</strong></span> <span class='ocrx_word' id='word_1_58' title='bbox 2344 3039 2392 3082; x_wconf 87' lang='lat' dir='ltr'><strong>c.</strong></span> <span class='ocrx_word' id='word_1_59' title='bbox 2415 3040 2451 3082; x_wconf 92' lang='lat'><strong>1.</strong></span> <span class='ocrx_word' id='word_1_60' title='bbox 2471 3042 2534 3090; x_wconf 75' lang='lat' dir='ltr'><strong>so.</strong></span> <span class='ocrx_word' id='word_1_61' title='bbox 2556 3042 2595 3083; x_wconf 72' lang='grc' dir='ltr'><strong>ι.</strong></span> 
     </span>
     <span class='ocr_line' id='line_1_14' title="bbox 434 3129 1289 3214; baseline -0.001 -18"><span class='ocrx_word' id='word_1_62' title='bbox 434 3130 896 3214; x_wconf 80' lang='lat' dir='ltr'><strong>Tempestivius</strong></span> <span class='ocrx_word' id='word_1_63' title='bbox 924 3130 992 3191; x_wconf 90' lang='lat' dir='ltr'><strong>in</strong></span> <span class='ocrx_word' id='word_1_64' title='bbox 1024 3129 1289 3195; x_wconf 88' lang='lat' dir='ltr'><strong>domum</strong></span> 
     </span>
     <span class='ocr_line' id='line_1_15' title="bbox 271 3240 1615 3325; baseline 0 -21"><span class='ocrx_word' id='word_1_65' title='bbox 271 3243 352 3305; x_wconf 89' lang='lat'><strong>10</strong></span> <span class='ocrx_word' id='word_1_66' title='bbox 523 3241 752 3320; x_wconf 82' lang='lat' dir='ltr'><strong>Paulli,</strong></span> <span class='ocrx_word' id='word_1_67' title='bbox 782 3241 1118 3325; x_wconf 82' lang='lat' dir='ltr'><strong>purpureis</strong></span> <span class='ocrx_word' id='word_1_68' title='bbox 1148 3240 1278 3305; x_wconf 87' lang='lat' dir='ltr'><strong>ales</strong></span> <span class='ocrx_word' id='word_1_69' title='bbox 1308 3241 1615 3318; x_wconf 88' lang='lat' dir='ltr'><strong>oloribus,</strong></span> 
     </span>
     <span class='ocr_line' id='line_1_16' title="bbox 438 3343 1524 3429; baseline -0.004 -12"><span class='ocrx_word' id='word_1_70' title='bbox 438 3351 957 3417; x_wconf 71' lang='lat' dir='ltr'><strong>Commissabere&#39;</strong></span> <span class='ocrx_word' id='word_1_71' title='bbox 973 3351 1269 3429; x_wconf 81' lang='lat' dir='ltr'><strong>Maximi,</strong></span> <span class='ocrx_word' id='word_1_72' title='bbox 1517 3343 1524 3346; x_wconf 53' lang='lat'><em>⁷</em></span> 
     </span>
    </p>
   </div>
   <div class='ocr_carea' id='block_1_9' title="bbox 270 3461 2636 3992">
    <p class='ocr_par' dir='ltr' id='par_1_9' title="bbox 270 3461 2636 3992">
     <span class='ocr_line' id='line_1_17' title="bbox 524 3461 2636 3547; baseline 0.001 -19"><span class='ocrx_word' id='word_1_73' title='bbox 524 3463 598 3528; x_wconf 91' lang='lat' dir='ltr'><strong>Si</strong></span> <span class='ocrx_word' id='word_1_74' title='bbox 626 3472 869 3528; x_wconf 80' lang='lat' dir='ltr'><strong>torrere</strong></span> <span class='ocrx_word' id='word_1_75' title='bbox 892 3463 1079 3546; x_wconf 83' lang='lat' dir='ltr'><strong>jecm·</strong></span> <span class='ocrx_word' id='word_1_76' title='bbox 1108 3463 1340 3547; x_wconf 85' lang='lat' dir='ltr'><strong>quaeris</strong></span> <span class='ocrx_word' id='word_1_77' title='bbox 1369 3461 1699 3527; x_wconf 86' lang='lat' dir='ltr'><strong>idoneum·</strong></span> <span class='ocrx_word' id='word_1_78' title='bbox 2282 3488 2366 3527; x_wconf 74' lang='lat' dir='ltr'><strong>eor.</strong></span> <span class='ocrx_word' id='word_1_79' title='bbox 2388 3486 2490 3528; x_wconf 78' lang='lat' dir='ltr'><strong>c.s.</strong></span> <span class='ocrx_word' id='word_1_80' title='bbox 2511 3489 2548 3529; x_wconf 75' lang='lat' dir='ltr'><strong>a</strong></span> <span class='ocrx_word' id='word_1_81' title='bbox 2572 3488 2636 3531; x_wconf 74' lang='grc' dir='ltr'><strong>ιε.</strong></span> 
     </span>
     <span class='ocr_line' id='line_1_18' title="bbox 433 3571 1498 3655; baseline -0.002 -19"><span class='ocrx_word' id='word_1_82' title='bbox 433 3572 736 3655; x_wconf 87' lang='lat' dir='ltr'><strong>Namque</strong></span> <span class='ocrx_word' id='word_1_83' title='bbox 766 3578 832 3635; x_wconf 82' lang='lat' dir='ltr'><strong>et</strong></span> <span class='ocrx_word' id='word_1_84' title='bbox 862 3571 1116 3651; x_wconf 89' lang='lat' dir='ltr'><strong>nobilis,</strong></span> <span class='ocrx_word' id='word_1_85' title='bbox 1149 3579 1216 3635; x_wconf 85' lang='lat' dir='ltr'><strong>et</strong></span> <span class='ocrx_word' id='word_1_86' title='bbox 1245 3571 1498 3649; x_wconf 87' lang='lat' dir='ltr'><strong>decens,</strong></span> 
     </span>
     <span class='ocr_line' id='line_1_19' title="bbox 517 3676 2619 3768; baseline 0.005 -22"><span class='ocrx_word' id='word_1_87' title='bbox 517 3684 608 3746; x_wconf 79' lang='lat' dir='ltr'><strong>Et</strong></span> <span class='ocrx_word' id='word_1_88' title='bbox 635 3703 751 3766; x_wconf 88' lang='lat' dir='ltr'><strong>pro</strong></span> <span class='ocrx_word' id='word_1_89' title='bbox 779 3682 1065 3747; x_wconf 78' lang='lat' dir='ltr'><strong>sollicitis</strong></span> <span class='ocrx_word' id='word_1_90' title='bbox 1094 3703 1227 3746; x_wconf 88' lang='lat' dir='ltr'><strong>non</strong></span> <span class='ocrx_word' id='word_1_91' title='bbox 1254 3681 1489 3747; x_wconf 80' lang='lat' dir='ltr'><strong>tacitus</strong></span> <span class='ocrx_word' id='word_1_92' title='bbox 1518 3682 1667 3761; x_wconf 85' lang='lat' dir='ltr'><strong>reis,</strong></span> <span class='ocrx_word' id='word_1_93' title='bbox 2215 3676 2235 3690; x_wconf 51' lang='lat'>⁸</span> <span class='ocrx_word' id='word_1_94' title='bbox 2284 3725 2346 3765; x_wconf 63' lang='grc' dir='ltr'><strong>η.</strong></span> <span class='ocrx_word' id='word_1_95' title='bbox 2368 3713 2416 3756; x_wconf 89' lang='lat' dir='ltr'><strong>c.</strong></span> <span class='ocrx_word' id='word_1_96' title='bbox 2435 3715 2473 3756; x_wconf 67' lang='grc' dir='ltr'><strong>ε.</strong></span> <span class='ocrx_word' id='word_1_97' title='bbox 2493 3715 2534 3768; x_wconf 62' lang='lat' dir='ltr'><strong>i.</strong></span> <span class='ocrx_word' id='word_1_98' title='bbox 2557 3715 2619 3756; x_wconf 70' lang='grc' dir='ltr'><strong>ιε.</strong></span> 
     </span>
     <span class='ocr_line' id='line_1_20' title="bbox 270 3793 2593 3881; baseline 0.001 -26"><span class='ocrx_word' id='word_1_99' title='bbox 270 3794 349 3856; x_wconf 88' lang='grc'><strong>15</strong></span> <span class='ocrx_word' id='word_1_100' title='bbox 433 3793 522 3858; x_wconf 83' lang='lat' dir='ltr'><strong>Et</strong></span> <span class='ocrx_word' id='word_1_101' title='bbox 550 3800 815 3858; x_wconf 83' lang='lat' dir='ltr'><strong>centum</strong></span> <span class='ocrx_word' id='word_1_102' title='bbox 844 3814 1004 3878; x_wconf 89' lang='lat' dir='ltr'><strong>puer</strong></span> <span class='ocrx_word' id='word_1_103' title='bbox 1031 3793 1290 3871; x_wconf 83' lang='lat' dir='ltr'><strong>artium,</strong></span> <span class='ocrx_word' id='word_1_104' title='bbox 1776 3820 1786 3829; x_wconf 95' lang='lat'>·</span> <span class='ocrx_word' id='word_1_105' title='bbox 2283 3837 2345 3881; x_wconf 60' lang='lat'><strong>¹3,</strong></span> <span class='ocrx_word' id='word_1_106' title='bbox 2368 3828 2416 3871; x_wconf 65' lang='grc' dir='ltr'><strong>ο,</strong></span> <span class='ocrx_word' id='word_1_107' title='bbox 2437 3832 2476 3871; x_wconf 65' lang='grc'><strong>3,</strong></span> <span class='ocrx_word' id='word_1_108' title='bbox 2495 3832 2533 3871; x_wconf 62' lang='lat'><strong>0,</strong></span> <span class='ocrx_word' id='word_1_109' title='bbox 2553 3830 2593 3871; x_wconf 77' lang='lat'><strong>⁷.</strong></span> 
     </span>
     <span class='ocr_line' id='line_1_21' title="bbox 519 3903 2611 3992; baseline 0 -22"><span class='ocrx_word' id='word_1_110' title='bbox 519 3906 682 3970; x_wconf 85' lang='lat' dir='ltr'><strong>Late</strong></span> <span class='ocrx_word' id='word_1_111' title='bbox 712 3905 901 3988; x_wconf 89' lang='lat' dir='ltr'><strong>signa</strong></span> <span class='ocrx_word' id='word_1_112' title='bbox 927 3904 1091 3969; x_wconf 81' lang='lat' dir='ltr'><strong>feret</strong></span> <span class='ocrx_word' id='word_1_113' title='bbox 1118 3903 1368 3992; x_wconf 83' lang='lat' dir='ltr'><strong>militiae</strong></span> <span class='ocrx_word' id='word_1_114' title='bbox 1396 3911 1527 3967; x_wconf 79' lang='lat' dir='ltr'><strong>tuae</strong></span> <span class='ocrx_word' id='word_1_115' title='bbox 1553 3928 1569 3968; x_wconf 73' lang='lat' dir='ltr'>t</span> <span class='ocrx_word' id='word_1_116' title='bbox 2284 3931 2346 3972; x_wconf 76' lang='grc' dir='ltr'><strong>ιο.</strong></span> <span class='ocrx_word' id='word_1_117' title='bbox 2366 3929 2414 3972; x_wconf 90' lang='lat' dir='ltr'><strong>c.</strong></span> <span class='ocrx_word' id='word_1_118' title='bbox 2434 3931 2551 3972; x_wconf 69' lang='lat' dir='ltr'><strong>aas.</strong></span> <span class='ocrx_word' id='word_1_119' title='bbox 2572 3930 2611 3970; x_wconf 71' lang='grc' dir='ltr'><strong>ι.</strong></span> 
     </span>
    </p>
   </div>
   <div class='ocr_carea' id='block_1_10' title="bbox 431 4014 1627 4211">
    <p class='ocr_par' dir='ltr' id='par_1_10' title="bbox 431 4014 1627 4211">
     <span class='ocr_line' id='line_1_22' title="bbox 431 4014 1286 4100; baseline -0.002 -21"><span class='ocrx_word' id='word_1_120' title='bbox 431 4016 518 4079; x_wconf 85' lang='lat' dir='ltr'><strong>Et</strong></span> <span class='ocrx_word' id='word_1_121' title='bbox 550 4014 932 4100; x_wconf 85' lang='lat' dir='ltr'><strong>quandoque</strong></span> <span class='ocrx_word' id='word_1_122' title='bbox 961 4014 1286 4099; x_wconf 81' lang='lat' dir='ltr'><strong>potentior</strong></span> 
     </span>
     <span class='ocr_line' id='line_1_23' title="bbox 518 4124 1627 4211; baseline -0.005 -19"><span class='ocrx_word' id='word_1_123' title='bbox 518 4128 713 4211; x_wconf 77' lang='lat' dir='ltr'><strong>Largi</strong></span> <span class='ocrx_word' id='word_1_124' title='bbox 743 4126 1118 4191; x_wconf 88' lang='lat' dir='ltr'><strong>muneribus</strong></span> <span class='ocrx_word' id='word_1_125' title='bbox 1149 4125 1360 4190; x_wconf 79' lang='lat' dir='ltr'><strong>riserit</strong></span> <span class='ocrx_word' id='word_1_126' title='bbox 1387 4124 1627 4201; x_wconf 84' lang='lat' dir='ltr'><strong>aemuli,</strong></span> 
     </span>
    </p>
   </div>
   <div class='ocr_carea' id='block_1_11' title="bbox 907 4285 1589 4347">
    <p class='ocr_par' dir='ltr' id='par_1_11' title="bbox 907 4285 1589 4347">
     <span class='ocr_line' id='line_1_24' title="bbox 907 4285 1589 4347; baseline -0.007 -10"><span class='ocrx_word' id='word_1_127' title='bbox 907 4289 956 4337; x_wconf 85' lang='grc'><strong>9.</strong></span> <span class='ocrx_word' id='word_1_128' title='bbox 994 4288 1162 4336; x_wconf 86' lang='lat' dir='ltr'><strong>domo.</strong></span> <span class='ocrx_word' id='word_1_129' title='bbox 1300 4288 1376 4336; x_wconf 87' lang='lat'><strong>18.</strong></span> <span class='ocrx_word' id='word_1_130' title='bbox 1413 4285 1589 4347; x_wconf 75' lang='lat' dir='ltr'><strong>largis.</strong></span> 
     </span>
    </p>
   </div>
  </div>
 </body>
</html>
