3025 4776
1258 328 1412 387 ΑΕΒ
1446 329 1807 388 POETICA.
2609 334 2720 386 255

466 493 692 560 Multa
720 494 855 558 dies
884 500 951 557 et
979 494 1187 557 multa
1213 493 1409 557 litura
1438 494 1720 558 coercuit
1751 501 1942 576 atque
2320 516 2688 560 eie.1⁴:.2.1.1e⁷.

472 607 840 671 Perfectum
871 605 1079 670 decies
1107 626 1242 668 non
1270 605 1605 687 castigavit
1636 605 1718 667 ad
1746 625 2054 687 unguem.

294 721 423 782 295
470 717 819 800 Ingenium
849 716 1082 779 misera
1110 715 1261 798 quia
1288 715 1679 778 fortunatius
1723 723 1860 778 arte
2320 724 2409 769 τος·
2431 717 2473 758 8-
2493 719 2531 759 1·
2551 719 2590 758 4»
2609 718 2676 760 4³-

473 827 691 893 Credit
721 836 787 891 et
816 825 1096 890 excludit
1124 846 1311 889 sanos
1342 825 1657 888 Helicone
1687 832 1905 909 poetas
2317 844 2416 875 can-
2437 833 2490 875 E.
2511 834 2548 874 1-
2571 834 2631 875 1⁹.
2650 837 2694 876 ³.

469 938 897 1014 Democritus,
929 937 1100 1001 bona
1126 933 1279 1020 pars
1300 958 1432 1000 non
1461 956 1708 1018 ungues
1736 957 1969 1020 ponere
1999 944 2203 1014 curat,

468 1050 623 1113 Non
654 1048 938 1125 barbam,
971 1055 1217 1111 secreta
1246 1046 1406 1130 petit
1435 1048 1597 1124 loca,
1629 1047 1857 1110 balnea
1885 1047 2064 1110 vitat.

467 1159 896 1222 Nanciscetur
924 1157 1096 1221 enim
1128 1158 1402 1240 pretium
1434 1178 1794 1239 nomenque
1824 1164 2050 1241 poetae,

294 1272 426 1334 300
471 1269 541 1333 Si
572 1269 778 1332 tribus
808 1268 1134 1352 Anticyris
1164 1279 1356 1352 caput
1384 1268 1734 1332 insanabile
1762 1287 2116 1351 numquam
2137 1253 2223 1363 Ὗ
2313 1278 2420 1322 Aac.
2441 1279 2482 1324 Β.
2503 1251 2721 1371 ase-133?

470 1382 738 1447 Tonsori
769 1381 996 1446 Licino
1026 1380 1436 1444 commiserit.
1528 1382 1587 1444 O
1619 1400 1738 1462 ego
1766 1379 1982 1458 laevus,
2668 1360 2680 1373 ’

472 1491 604 1558 Qui
634 1512 871 1575 purgor
900 1490 1096 1554 bilem
1125 1491 1245 1554 sub
1276 1490 1455 1554 verni
1485 1490 1791 1573 temporis
1819 1490 2042 1554 horam
2074 1490 2088 1552 l

467 1589 625 1666 Non
655 1602 816 1664 alius
844 1601 1080 1664 faceret
1109 1600 1373 1663 meliora
1402 1604 1700 1683 poe‘mata
1726 1624 1740 1663 ι
1786 1620 2008 1663 verum

468 1712 586 1777 Nil
615 1712 781 1775 tanti
810 1720 928 1775 est.
991 1713 1193 1793 'Ergo
1222 1711 1454 1793 fungar
1482 1710 1619 1773 vice
1649 1711 1829 1787 cotis,
1864 1719 2125 1774 acutum

295 1825 422 1886 305
470 1822 760 1887 Reddere
791 1842 933 1904 quae
961 1821 1201 1885 ferrum
1230 1821 1418 1899 valet,
1450 1841 1663 1883 exsors
1693 1820 1829 1903 ipsa
1855 1821 2111 1884 secandi
2138 1845 2154 1896 ;

466 1934 712 1997 Munus
740 1941 806 1997 et
835 1933 1115 1997 officium
1144 1932 1237 1995 nil
1267 1931 1547 1995 scribens
1576 1931 1712 2014 ipse
1743 1930 2003 2010 doceb0,

470 2044 661 2109 Unde
690 2052 994 2127 parentur
1022 2063 1191 2125 opes,
1226 2041 1379 2124 quid
1412 2042 1542 2104 alat
1570 2041 1927 2123 formetque
1958 2045 2213 2123 poetam
2238 2067 2254 2116 ς

469 2154 646 2221 Quid
674 2154 920 2232 deceat,
953 2152 1107 2236 quid
1135 2174 1267 2216 non
1289 2179 1310 2231 3
1357 2173 1485 2234 quo
1515 2152 1739 2229 virtuS,
1762 2173 1886 2234 quo
1904 2151 2067 2215 ferat
2091 2173 2284 2215 error.

472 2263 803 2329 Scribendi
831 2270 1004 2327 recte
1034 2284 1251 2347 sapere
1281 2270 1377 2326 est
1406 2271 1472 2326 et
1500 2262 1889 2346 principium
1918 2269 1983 2325 et
2012 2263 2155 2326 fons
2183 2289 2197 2326 ε

293 2378 425 2440 310
469 2375 633 2440 Rem
665 2375 784 2438 tibi
818 2374 1160 2457 Socraticae
1189 2381 1493 2458 poterunt
1523 2373 1857 2438 ostendere
1886 2373 2146 2452 chartae,
2312 2406 2410 2448 300,
2431 2407 2478 2448 ο,

468 2486 812 2570 Verbaque
842 2487 1155 2570 provisam
1186 2507 1323 2549 rem
1355 2507 1484 2550 non
1515 2486 1719 2549 invita
1747 2493 2113 2569 sequentur.
2432 2508 2461 2547 s

468 2599 599 2665 Qui
630 2599 868 2676 didicit,
899 2598 1123 2682 patriae
1154 2599 1307 2682 quid
1335 2598 1563 2662 debeat
1593 2606 1660 2663 et
1689 2598 1842 2682 quid
1874 2599 2111 2677 amicis,

469 2711 620 2776 Quo
647 2710 732 2772 sit
755 2730 969 2773 amore
991 2732 1242 2793 parens,
1267 2731 1392 2793 quo
1410 2710 1606 2773 frater
1624 2711 1935 2774 amandus
1953 2719 2019 2774 et
2036 2711 2287 2795 hospes,

468 2819 660 2886 Quod
689 2820 774 2883 sit
804 2820 1169 2903 conscripti,
1204 2820 1373 2902 quod
1396 2821 1634 2903 judicis
1664 2821 1961 2900 officium,
1995 2843 2137 2905 quae

289 2934 420 2996 315
468 2932 690 2994 Partes
720 2930 789 2992 in
818 2930 1058 2993 bellum
1088 2930 1275 2993 missi
1304 2930 1502 3008 ducis,
1537 2931 1644 2995 ille
1673 2932 1957 3015 profecto

467 3040 756 3104 Reddere
785 3061 1069 3123 personae
1098 3041 1218 3103 scit
1246 3042 1692 3105 convenientia
1722 3044 1974 3126 cuique.

466 3151 805 3234 Respicere
835 3150 1154 3234 exemplar
1180 3151 1329 3215 vitae
1359 3173 1740 3234 morumque
1762 3152 2009 3235 jubebo

463 3259 745 3323 Doctum
777 3259 1165 3324 imitatorem
1196 3272 1261 3324 et
1292 3262 1463 3325 vivas
1492 3261 1648 3326 hinc
1677 3262 1908 3326 ducere
1937 3284 2141 3328 voces.

463 3370 802 3434 Interdum
833 3370 1114 3454 speciosa
1143 3371 1299 3435 locis
1328 3380 1705 3455 morataque
1736 3380 1908 3437 recte

284 3482 418 3545 320
463 3480 725 3559 Fabula,
757 3481 997 3543 nullius
1026 3481 1289 3558 veneris,
1322 3482 1459 3545 sine
1487 3483 1764 3566 pondere
1793 3490 1859 3547 et
1887 3492 2043 3562 arte,
2301 3530 2409 3569 ΡΜ,
2431 3518 2480 3561 13,
2501 3521 2539 3560 2,
2560 3520 2598 3561 2,
2619 3521 2706 3562 112·

463 3589 734 3652 Valdius
762 3589 1044 3653 oblectat
1073 3590 1379 3672 populum
1413 3591 1764 3675 meliusque
1793 3602 2084 3657 moratur

464 3702 679 3767 Quam
709 3722 925 3764 versus
954 3701 1174 3784 inopes
1204 3721 1419 3763 rerum
1450 3722 1764 3786 nugaeque
1795 3724 2065 3769 canorae.
2308 3738 2412 3779 naq.
2526 3757 2534 3766 .

464 3811 653 3876 Grais
683 3811 1032 3895 ingenium,
1069 3811 1258 3877 Grais
1289 3811 1467 3876 dedit
1496 3833 1605 3876 ore
1635 3813 1915 3878 rotundo

458 3921 656 3984 Musa
682 3921 881 4005 loqui,
911 3930 1140 4005 praeter
1166 3921 1420 3986 laudem
1450 3923 1689 3987 nullius
1733 3925 1957 3990 avaris.

284 4035 413 4096 325
463 4032 741 4096 Romani
770 4033 949 4115 pueri
978 4032 1187 4115 longis
1216 4032 1571 4097 rationibus
1602 4056 1805 4098 assem

459 4142 735 4207 Discunt
764 4143 830 4205 in
860 4151 1071 4227 partes
1101 4153 1362 4209 centum
1393 4143 1710 4209 diducere.
1802 4146 1996 4211 Dicat

2502 2409 2536 2448 1.
2559 2409 2620 2448 29.
2644 2410 2705 2449 14.

2500 2460 2539 2499 3.
2559 2461 2621 2498 21.
2641 2461 2680 2500 9.

2494 2510 2532 2549 2.
2551 2512 2590 2549 3.
2611 2510 2675 2551 11.

341 4278 453 4326 294.
491 4281 832 4340 praesectum;
870 4278 1094 4325 deciens.
1229 4278 1344 4326 304.
1382 4277 1632 4326 ?tantist.
1766 4281 1878 4329 309.
1920 4281 2215 4344 ?saperest-.

880 4346 993 4392 318.
1031 4358 1194 4391 vetas.
1331 4345 1443 4391 323.
1483 4345 1668 4393 Graiis.

2215 4420 2309 4468 'r2
