3025 4776
478 302 592 356 250

1325 300 1392 373 Q.
1461 301 1777 358 HORATI
1827 301 2116 358 FLACCI

908 463 1008 526 Sit
1038 460 1275 526 Medea
1304 463 1479 527 ferox
1507 464 1891 547 invictaque,
1922 464 2150 529 flebilis
2179 465 2326 544 Ino,

905 576 1195 658 Perfidus
1225 576 1436 655 Ixion,
1470 578 1549 639 Io
1578 598 1758 660 vaga,
1790 577 1993 641 tristis
2022 579 2304 642 Orestes.

905 687 975 749 Si
1007 686 1162 768 quid
1191 686 1596 769 inexpertum
1624 707 1831 751 scenoe
1862 688 2216 751 committis
2245 694 2313 752 et
2342 687 2538 752 audes
2778 693 2902 754 125

904 798 1253 860 Personam
1283 795 1560 860 formare
1586 817 1840 875 novam,
1870 805 2156 860 servetur
2185 797 2268 860 ad
2296 797 2521 875 imum,

908 909 1134 974 Qualis
1165 907 1246 972 ab
1275 908 1532 991 incepto
1560 909 1955 992 processerit,
1986 917 2053 972 et
2081 910 2206 974 sibi
2236 917 2507 975 constet.

862 1047 870 1054 ·
904 1019 1179 1082 Difficile
1207 1026 1306 1082 est
1333 1019 1587 1102 proprie
1617 1019 1984 1083 communia
2013 1020 2222 1084 dicere
2243 1045 2263 1098 5
2310 1028 2512 1103 tuque

484 1164 571 1202 ¹29·
594 1151 643 1192 E.
665 1153 701 1192 2.
725 1152 761 1194 1.
785 1152 875 1194 225.

480 2490 565 2527 141.
588 2477 638 2520 B.
659 2479 695 2520 1.
715 2479 754 2520 2.
774 2479 838 2521 19.

470 2837 561 2876 spe.
590 2825 635 2866 E.
655 2827 692 2867 2.
713 2827 752 2868 2.
782 2826 869 2868 116.

468 3927 559 3966 aul.
582 3926 631 3966 E.
654 3928 691 3967 2.
715 3926 750 3967 1.
773 3926 863 3968 189.

467 4054 551 4082 ees.
573 4041 622 4083 R.
644 4043 681 4083 2.
702 4043 740 4083 2.
765 4042 852 4084 1³0.

905 1129 1170 1193 Rectius
1199 1128 1471 1192 Iliacum
1502 1150 1759 1194 carmen
1791 1129 2053 1194 deducis
2081 1131 2152 1193 in
2181 1139 2386 1208 actus,

904 1241 1120 1307 Quam
1149 1240 1205 1302 si
1233 1239 1548 1322 proferres
1575 1240 1800 1323 ignota
1826 1233 2192 1325 indictaque
2220 1241 2484 1324 primus.
2778 1245 2904 1306 130

903 1350 1171 1414 Publica
1198 1350 1496 1414 materies
1524 1351 1756 1434 privati
1778 1351 1944 1433 juris
1974 1352 2120 1430 erit,
2151 1351 2206 1414 si

899 1460 1058 1523 Non
1087 1461 1256 1524 circa
1284 1460 1474 1524 vilem
1504 1461 1923 1545 patulumque
1952 1455 2300 1526 moraberis
2327 1461 2569 1541 orbem,

899 1571 1045 1634 Nec
1074 1571 1265 1636 verbo
1294 1571 1563 1635 verbum
1594 1572 1848 1635 curabis
1875 1571 2139 1637 reddere
2166 1572 2334 1636 fidus

901 1682 1248 1764 Interpres,
1279 1702 1399 1746 nec
1429 1682 1679 1747 desilies
1708 1683 1996 1747 imitator
2023 1684 2094 1746 in
2124 1691 2358 1761 artum,

906 1791 1095 1856 Unde
1124 1790 1349 1875 pedem
1377 1791 1661 1875 proferre
1687 1793 1894 1876 pudor
1921 1802 2093 1857 vetet
2123 1801 2236 1858 aut
2263 1794 2469 1878 operis
2496 1795 2618 1858 lex.
2771 1797 2898 1858 135

899 1904 1043 1969 Nec
1072 1903 1165 1967 sic
1191 1903 1477 1987 incipies,
1508 1912 1585 1967 ut
1613 1904 1882 1987 scriptor
1910 1903 2188 1987 cyclicus
2219 1904 2372 1967 olim
2400 1928 2415 1968 ε

902 2020 949 2050 “
967 2016 1319 2078 Fortunam
1350 2014 1587 2077 Priami
1617 2013 1888 2078 cantabo
1918 2021 1985 2078 et
2011 2013 2225 2078 nobile
2252 2013 2562 2078 bellum.”

902 2125 1077 2193 Quid
1107 2124 1375 2208 dignum
1404 2134 1589 2189 tanto
1618 2125 1779 2189 feret
1808 2125 1914 2189 hic
1943 2117 2285 2208 promissor
2315 2124 2500 2188 hiatu
2517 2123 2548 2186 ?

901 2236 1279 2300 Parturiunt
1307 2244 1578 2315 montes,
1611 2243 1909 2299 nascetur
1938 2235 2243 2299 ridiculus
2272 2257 2436 2299 mus.

901 2346 1164 2413 Quanto
1193 2346 1429 2411 rectius
1458 2345 1586 2425 hic,
1618 2345 1730 2430 qui
1760 2344 1851 2409 nil
1879 2345 2143 2410 molitur
2170 2345 2421 2429 inepte:
2770 2347 2902 2411 140

902 2464 944 2494 “
964 2459 1087 2522 Dic
1116 2458 1297 2534 mihi,
1330 2457 1546 2536 Musa,
1576 2457 1807 2536 virum,
1839 2465 2039 2540 captae
2069 2464 2212 2541 post
2241 2465 2529 2540 tempora
2557 2458 2767 2541 Trojae

901 2574 947 2604 “
970 2568 1104 2636 Qui
1132 2590 1341 2632 mores
1368 2568 1706 2631 hominum
1736 2568 2089 2631 multorum
2120 2567 2282 2631 vidit
2311 2574 2378 2632 et
2407 2568 2668 2632 urbesss’

897 2681 1053 2745 Non
1080 2681 1334 2743 fumum
1363 2700 1439 2742 ex
1468 2679 1737 2761 fulgore,
1769 2678 1881 2741 sed
1912 2698 1990 2741 ex
2018 2677 2199 2742 fumo
2228 2677 2377 2740 dare
2406 2678 2617 2742 lucem

899 2789 1181 2872 Cogitat,
1213 2796 1289 2851 ut
1316 2787 1599 2871 speciosa
1626 2785 1858 2849 dehinc
1886 2786 2194 2848 miracula
2221 2796 2493 2868 promat,

898 2898 1301 2982 Antiphaten
1332 2897 1739 2979 Scyllamque
1760 2902 1827 2959 et
1850 2916 1997 2958 cum
2022 2895 2299 2978 Cyclope
2323 2895 2730 2980 Charybdim
2769 2901 2895 2961 1215

897 3010 1040 3073 Nec
1069 3008 1348 3071 reditum
1380 3006 1713 3070 Diomedis
1742 3004 1822 3070 ab
1852 3005 2120 3069 interitu
2148 3006 2484 3089 Meleagri,

896 3119 1039 3183 Nec
1070 3118 1326 3201 gemino
1354 3117 1597 3181 bellum
1628 3116 1773 3199 Troj
1781 3137 1977 3179 anum
2006 3116 2255 3179 orditur
2283 3117 2362 3180 ab
2392 3137 2532 3181 ovo·

899 3231 1164 3312 Semper
1193 3227 1275 3290 ad
1302 3232 1602 3290 eventum
1629 3225 1894 3289 festinat
1927 3234 1993 3289 et
2020 3226 2091 3288 in
2122 3226 2364 3290 medias
2392 3247 2494 3290 res

895 3340 1051 3403 Non
1081 3359 1261 3401 secus
1292 3358 1365 3401 ac
1394 3345 1581 3400 notas
1610 3336 1968 3400 auditorem
1996 3336 2164 3419 rapit
2193 3344 2280 3414 et,
2314 3359 2458 3419 quae

896 3450 1209 3533 Desperat
1237 3456 1512 3511 tractata
1539 3447 1848 3509 nitescere
1878 3466 2083 3528 posse,
2115 3446 2439 3529 relinquit,
2767 3451 2898 3511 150

893 3561 1112 3641 Atque
1143 3558 1234 3621 ita
1263 3556 1593 3633 mentitur,
1625 3555 1717 3618 sic
1743 3556 1908 3619 veris
1937 3555 2096 3618 falsa
2135 3557 2455 3633 remiscet,

895 3670 1113 3733 Primo
1122 3690 1225 3731 ,ne
1253 3667 1559 3744 medium,
1589 3665 1800 3729 medio
1830 3686 1912 3729 ne
1940 3664 2257 3749 discrepet
2287 3666 2511 3729 imum.

893 3779 1014 3857 Tu,
1047 3778 1201 3862 quid
1231 3796 1351 3860 ego
1379 3783 1445 3839 et
1472 3775 1745 3859 populus
1773 3797 2029 3840 mecum
2058 3776 2396 3857 desideret,
2429 3776 2578 3841 audi
2608 3803 2622 3840 ε

898 3889 968 3953 Si
996 3887 1308 3971 plausoris
1338 3906 1484 3967 eges
1515 3886 1718 3948 aulaea
1745 3886 2065 3949 manentis
2094 3894 2162 3949 et
2189 3907 2391 3969 usque

895 3998 1164 4074 Sessuri,
1198 3995 1401 4060 donec
1430 4004 1655 4058 cantor
1683 3996 1818 4059 Vos
1848 3996 2133 4079 plaudite
2163 3995 2356 4073 dicat,
2519 3974 2534 3983 ’
2731 3982 2736 3989 ’
2763 3998 2841 4058 15

890 4110 1133 4176 AEtatis
1163 4109 1471 4191 cujusque
1500 4108 1767 4171 notandi
1798 4116 1952 4172 sunt
1982 4108 2103 4172 tibi
2133 4128 2362 4186 mores,

2850 4001 2891 4059 01

1153 4298 1265 4348 136.
1301 4298 1512 4360 cycnus.
1650 4299 1761 4347 139.
1796 4298 2107 4359 parturient.
2244 4299 2357 4347 141.
2392 4296 2598 4346 moenia.
