3025 4776
1119 319 1561 381 CARMINUM
1634 326 1790 385 LIB.
1832 328 1884 386 I.
1932 328 2090 388 xviii.

417 479 458 539 5
642 476 921 562 Impune
949 486 1170 546 tutum
1198 505 1314 568 per
1341 508 1568 552 nemus
1598 489 1858 554 arbutos

641 592 960 657 Quaerunt
988 595 1264 662 latentes
1293 607 1360 664 et
1388 601 1614 686 thyma
1643 603 1839 669 deviae

723 704 978 769 Olentis
1007 728 1233 772 uxores
1263 711 1482 774 mariti
1509 738 1524 774 ε

807 817 951 880 Nec
980 818 1200 881 viridis
1229 828 1530 884 metuunt
1559 823 1876 904 colubras,

633 946 776 1012 Nec
806 949 1125 1014 Martialis
1156 954 1455 1019 Haediliae
1484 957 1668 1041 lupos
1694 985 1708 1022 ε
1787 998 1799 1008 ·

369 1059 455 1121 10
633 1036 987 1144 Utcuffiique
1018 1062 1209 1143 dulci,
1242 1066 1545 1151 Tyndari,
1578 1070 1794 1133 fistula

717 1172 938 1236 Valles
969 1180 1035 1237 et
1066 1176 1311 1240 Usticae
1341 1177 1637 1242 cubantis

805 1283 1002 1347 Levia
1029 1306 1411 1368 personuere
1441 1311 1612 1353 saxa.

631 1416 719 1479 Di
748 1439 852 1481 me
881 1426 1186 1485 tuentur:
1235 1422 1331 1485 dis
1360 1423 1562 1506 pietas
1593 1447 1736 1489 mea

626 1524 718 1589 Et
746 1526 940 1590 Musa
968 1531 1145 1594 cordi
1175 1540 1293 1596 est.
1385 1534 1519 1597 Hic
1549 1534 1670 1599 tibi
1701 1538 1881 1622 copia

365 1634 446 1695 15
713 1637 1014 1701 Manabit
1044 1639 1124 1703 ad
1152 1641 1414 1724 plenum
1443 1644 1725 1728 benigno

796 1748 991 1812 Ruris
1018 1749 1337 1815 honorum
1367 1755 1674 1837 opulenta
1703 1777 1921 1821 cornu.

623 1878 754 1943 Hic
783 1880 853 1942 in
881 1881 1147 1946 reducta
1174 1884 1335 1948 valle
1366 1887 1690 1952 Caniculae

619 1988 876 2052 Vitabis
906 1998 1123 2070 aestus,
1155 2000 1221 2055 et
1250 1994 1373 2058 fide
1404 1997 1561 2059 Te'ia
1671 2058 1674 2063 ,

702 2099 897 2164 Dices
925 2101 1273 2166 laborantis
1301 2105 1372 2167 in
1402 2127 1532 2171 uno

356 2208 448 2270 20
787 2210 1157 2295 Penelopen
1184 2214 1579 2297 vitreamque
1610 2217 1858 2285 Circen.

620 2342 750 2408 Hic
777 2344 1139 2411 innocentis
1168 2350 1396 2433 pocula
1426 2351 1645 2416 Lesbii

542 2462 546 2466 ’
612 2460 830 2524 Duces
859 2462 978 2527 sub
1009 2463 1280 2544 umbra3
1327 2487 1446 2530 nec
1478 2470 1833 2535 Semeleius

701 2572 866 2636 Cum
899 2572 1114 2637 Marte
1145 2576 1495 2641 confundet
1527 2579 1872 2664 Thyoneus

787 2683 1045 2763 Proelia,
1076 2706 1194 2750 nec
1221 2696 1469 2752 metues
1497 2698 1864 2773 protervum

351 2817 439 2879 25
619 2817 927 2902 Suspecta
956 2823 1222 2905 Cyrum,
1255 2844 1337 2887 ne
1367 2826 1534 2890 male
1565 2827 1799 2912 dispari

614 2928 1082 2995 Incontinentis
1109 2933 1333 2997 iniciat
1362 2957 1613 3016 manus,

697 3040 783 3103 Et
811 3041 1057 3104 scindat
1085 3042 1436 3108 haerentem
1466 3066 1767 3111 coronam

778 3155 1099 3235 CrinibuS,
1132 3157 1652 3243 immeritamque
1678 3175 1939 3229 vestem.

1206 3565 1472 3634 XVIII.

425 3711 749 3791 NULLAM,
781 3716 975 3793 Vare,
1008 3735 1191 3778 sacra
1218 3716 1347 3780 vite
1377 3718 1553 3800 prius
1584 3720 1814 3784 severis
1844 3724 2137 3790 arborem

424 3822 617 3891 Circa
644 3824 798 3887 mite
827 3827 1034 3889 solum
1063 3825 1316 3889 Tiburis
1346 3836 1411 3891 et
1441 3831 1681 3894 moenia
1711 3828 1925 3899 Catili.

423 3932 630 3996 Siccis
661 3935 870 3998 omnia
897 3956 1049 3998 nam
1081 3934 1240 3999 dura
1269 3936 1424 4000 deus
1451 3943 1801 4024 proposuit,
1833 3967 2044 4029 neque

416 4041 763 4106 Mordaces
791 4045 975 4110 aliter
1005 4047 1356 4130 diffugiunt
1386 4049 1864 4118 sollicitudines.

392 4216 445 4264 8.
482 4214 693 4263 virides.
824 4218 870 4265 9.
908 4219 1191 4268 Martiales.
1328 4222 1407 4270 14.
1446 4222 1696 4273 l’cordist.
1832 4229 1911 4278 19.
1946 4229 2261 4277 laborantes.

953 4286 1032 4331 26.
1069 4286 1450 4336 incontinentes
1476 4309 1487 4346 ς
1515 4290 1729 4351 injiciat.

2732 341 2801 399 17

2405 528 2442 572 ς.
2463 521 2510 563 c,
2530 525 2568 565 ³.
2591 524 2651 565 ιε.
2674 525 2736 566 1³.
2835 530 2848 539 “

2398 857 2437 895 8.
2458 821 2535 905 izp,
2558 857 2620 897 16.
2639 859 2702 898 52.

2477 2098 2559 2148 Ep.
2581 2101 2642 2140 14
2665 2101 2725 2142 10.

2377 2158 2466 2201 lab,
2487 2161 2535 2202 C.
2557 2162 2593 2203 1.
2613 2163 2676 2204 2⁷.
2698 2164 2760 2205 19.

2355 4112 2464 4142 nor.
2485 4103 2532 4144 C.
2553 4106 2589 4144 2.
2609 4105 2748 4145 11.18.
