3025 4776
943 260 1416 320 SATIRARUM
1488 260 1644 316 LIB.
1706 260 1795 318 ΙΙ.
1853 259 1927 316 vi.
2540 258 2646 318 187

367 429 436 493 Si
467 450 673 513 neque
702 429 1009 514 majorem
1038 427 1161 493 feci
1188 428 1435 493 ratione
1464 428 1634 491 mala
1676 449 1832 500 rem,

361 543 505 605 Nec
535 562 680 604 sum
709 541 994 603 facturus
1023 540 1180 602 vitio
1210 540 1469 624 culpave
1498 539 1812 602 minorem
1833 563 1854 616 3

366 652 435 714 Si
464 671 730 715 veneror
758 651 995 713 stultus
1023 650 1186 712 nihil
1215 649 1483 713 horum:
1534 651 1592 714 O
1623 648 1678 711 si
1707 648 1979 731 angulus
2007 648 2114 712 ille
2249 679 2343 709 ven.
2366 668 2413 730 e.
2437 670 2478 710 s,
2498 671 2564 711 49.
2638 716 2645 734 .

363 763 701 827 Proximus
732 761 1009 839 accedat,
1043 761 1153 844 qui
1182 781 1355 824 nunc
1384 760 1720 824 denormat
1750 758 2027 842 agellum
2055 759 2069 822 !
2391 743 2402 778 '²
2545 741 2556 766 ⁸
2645 735 2654 760 χ

237 876 322 938 10
365 875 423 938 Ο
454 874 510 938 si
536 895 768 937 urnam
796 874 1045 957 argenti
1074 875 1204 938 fors
1235 894 1376 957 quae
1405 873 1566 936 mihi
1595 882 1928 951 monstret,
1959 881 2034 937 ut
2061 873 2179 951 illi,
2344 945 2354 972 ,ἲ
2411 961 2416 968 .
2689 945 2694 958 ἡ

317 979 325 988 ’
365 985 691 1049 Thesauro
720 985 978 1049 invento
1008 986 1118 1067 qui
1149 984 1579 1048 mercenarius
1611 1005 1837 1067 agrum
2357 987 2384 1064 ἐι
2460 1047 2466 1053 ,
2505 995 2554 1098 χ
2607 1048 2618 1062 ,
2649 1069 2654 1074 h
2761 1007 2766 1012 ’

364 1095 561 1158 Illum
590 1095 803 1178 ipsum
831 1101 1150 1159 mercatus
1180 1093 1397 1172 aravit,
1430 1093 1604 1156 dives
1634 1095 1839 1156 amico
2833 1077 2848 1102 s

370 1205 651 1270 Hercule
679 1206 807 1283 !—;
840 1206 894 1267 si
926 1204 1097 1288 quod
1127 1204 1306 1267 adest
1337 1210 1592 1287 gratum
1637 1204 1842 1286 juvat,
1874 1203 1995 1267 hac
2043 1226 2226 1287 prece
2253 1235 2322 1275 qu.
2345 1185 2672 1264 messinas.-

751 1322 818 1379 te
847 1336 998 1394 or03

368 1427 618 1510 Pingue
647 1446 840 1509 pecus
871 1426 1130 1490 domino
1158 1424 1352 1488 facias
1382 1433 1448 1487 et
1478 1431 1690 1487 cetera
1717 1433 1945 1506 praeter
2395 1417 2404 1448 ¹
2461 1471 2466 1478 .
2499 1409 2536 1478 (ἶ
2553 1427 2558 1440 ’
2589 1413 2622 1504 ’ἱ
2675 1405 2764 1462 “³2''

2354 1485 2484 1554 ϋ·“χ

242 1539 322 1600 15
368 1536 735 1620 Ingenium,
768 1542 968 1619 utque
998 1536 1182 1613 soles,
1214 1542 1429 1599 custos
1456 1535 1617 1597 mihi
1648 1535 1963 1598 maximus
1992 1534 2178 1597 adsis.
2483 1549 2530 1580 s
2561 1599 2568 1624 ἱ
2649 1545 2742 1632 40]
2763 1525 2784 1554 Χ

366 1650 542 1730 Ergo
569 1649 683 1712 ubi
712 1670 815 1711 me
845 1649 913 1709 in
944 1655 1194 1711 montes
1224 1656 1290 1710 et
1317 1648 1385 1709 in
1417 1668 1628 1710 arcem
1658 1668 1733 1709 ex
1763 1647 1919 1710 urbe
1962 1647 2222 1725 removi,
2256 1649 2313 1690 ¹⁶·
2334 1649 2382 1688 0·
2402 1652 2439 1690 ³·
2461 1651 2497 1688 4·
2517 1650 2581 1690 21·

370 1760 545 1825 Quid
575 1758 748 1841 prius
776 1759 1089 1821 illustrem
1120 1757 1331 1820 satiris
1360 1778 1669 1839 musaque
1697 1757 1973 1839 pedestri
1991 1759 2020 1819 ἶ)
2245 1765 2347 1818 ved·
2370 1765 2625 1856 221-‚33‘39-

264 1953 269 1956 .
366 1868 509 1931 Nec
539 1868 707 1931 mala
736 1888 839 1930 me
871 1866 1135 1931 ambitio
1164 1866 1373 1949 perdit
1401 1888 1519 1929 nec
1548 1866 1885 1950 plumbeus
1914 1868 2154 1930 Auster

297 2058 303 2064 ἡ
366 1980 866 2060 Autumnusque
897 1976 1122 2060 gravis,
1158 1977 1457 2040 Libitinae
1490 1985 1771 2058 quaestus
1801 1975 2062 2040 acerbae.
2250 1979 2333 2058 'm
2373 1991 2441 2056 ·ζ·

241 2091 329 2151 20
371 2087 699 2150 Matutine
730 2094 931 2169 pater,
963 2108 1075 2150 seu
1107 2087 1148 2149 J
1153 2108 1271 2150 ane
1299 2087 1606 2151 libentius
1637 2086 1835 2164 audis,

369 2198 562 2262 Unde
590 2198 882 2261 homines
912 2219 1176 2280 operum
1205 2198 1441 2280 primos
1468 2198 1740 2281 vitaeque
1768 2197 2014 2262 labores

371 2309 918 2372 Instituunt-sie
947 2307 1045 2370 dis
1074 2309 1488 2392 placitum-3
1521 2318 1592 2371 tu
1625 2309 1920 2372 carminis
1950 2317 2085 2371 esto

372 2420 782 2503 Principium.
876 2423 1099 2484 Romae
1128 2442 1492 2504 sponsorem
1525 2442 1628 2485 me
1657 2422 1846 2504 rapis.
1936 2420 2078 2503 Eja,
2254 2450 2348 2489 spo.
2371 2438 2419 2478 E.
2439 2440 2477 2478 2.
2496 2440 2534 2477 2.
2554 2438 2618 2480 67.

371 2530 477 2592 Ne
506 2529 678 2612 prior
706 2531 912 2593 officio
942 2531 1277 2614 quisquam
1306 2533 1706 2616 respondeat,
1740 2552 1914 2613 urge.

241 2643 324 2702 25
375 2640 521 2702 Sive
552 2641 787 2723 Aquilo
818 2642 985 2704 radit
1016 2650 1214 2705 terras
1245 2664 1355 2706 seu
1386 2643 1617 2707 bruma
1643 2642 1916 2705 nivalem
2258 2665 2356 2705 raa.
2379 2664 2457 2714 ap.
2479 2664 2541 2703 16.
2562 2664 2624 2703 ⁵4.

372 2749 685 2813 Interiore
717 2750 887 2813 diem
919 2773 1076 2834 gyro
1106 2752 1329 2829 trahit,
1360 2752 1452 2815 ire
1481 2774 1737 2816 necesse
1767 2760 1883 2814 est.

371 2858 737 2937 Postmod0‚
773 2861 942 2942 quod
973 2861 1063 2923 mi
1094 2860 1283 2938 obsit,
1317 2863 1481 2925 clare
1512 2871 1883 2944 certumque
1911 2862 2125 2925 locuto

374 2968 783 3032 Luctandum
813 2971 883 3032 in
913 2971 1104 3033 turba
1132 2979 1197 3034 et
1226 2972 1519 3033 facienda
1547 2973 1784 3055 injuria
1812 2972 2028 3035 tardis.

377 3080 551 3145 Quid
581 3079 695 3157 vis,
726 3080 968 3158 insane,
1003 3088 1067 3143 et
1098 3102 1255 3164 quas
1286 3103 1386 3144 res
1416 3082 1598 3164 agis?
1650 3081 1976 3164 improbus
2004 3089 2191 3163 urget

247 3191 333 3251 30
376 3190 570 3253 Iratis
600 3192 891 3274 precibus
907 3218 928 3270 ς
974 3201 1050 3256 tu
1078 3194 1290 3274 pulses
1320 3214 1509 3256 omne
1540 3194 1709 3276 quod
1739 3193 1971 3276 obstat,

376 3300 481 3363 Ad
511 3300 939 3364 Maecenatem
969 3303 1236 3366 memori
1265 3303 1319 3365 si
1350 3312 1565 3366 mente
1595 3325 1900 3367 recurras.

379 3408 526 3473 Hoc
547 3411 732 3492 juvat
762 3419 828 3474 et
858 3411 1032 3473 melli
1062 3420 1195 3489 est3
1242 3433 1372 3477 non
1402 3414 1679 3476 mentiar
1699 3439 1719 3491 3
1767 3422 1834 3476 at
1856 3413 2046 3477 simul
2068 3423 2236 3477 atras

375 3519 666 3582 Ventum
697 3528 796 3584 est
827 3521 1165 3603 Esquilias,
1200 3522 1403 3584 aliena
1432 3523 1690 3605 negotia
1719 3531 1978 3586 centum
2265 3553 2629 3606 Eaeq.s.1.8.14.

377 3628 503 3691 Per
531 3636 723 3712 caput
752 3638 817 3693 et
847 3631 1012 3693 circa
1042 3631 1277 3694 saliunt
1306 3631 1493 3695 latus.
1585 3635 1758 3695 Ante
1788 3633 2128 3696 secundam

249 3738 332 3797 35
383 3737 648 3800 Roscius
678 3739 900 3802 orabat
931 3739 1052 3804 sibi
1082 3741 1330 3804 adesses
1361 3741 1442 3804 ad
1478 3742 1702 3805 Puteal
1734 3763 1892 3807 cras.
2265 3757 2362 3848 «ἷξε,-
2387 3756 2428 3843 ξξ
2449 3755 2484 3842 ¹¹-
2505 3753 2643 3840 ⁹135.

380 3846 479 3909 De
509 3868 578 3910 re
607 3850 930 3913 communi
961 3850 1182 3914 scribae
1211 3872 1445 3934 magna
1476 3860 1667 3934 atque
1696 3874 1859 3921 nova
1887 3862 1953 3917 te
2265 3892 2349 3922 m.
2374 3880 2414 3919 8.
2436 3880 2474 3917 2.
2494 3881 2530 3917 5.
2552 3879 2617 3915 ω.

380 3955 672 4020 Orabant
704 3957 891 4021 hodie
922 3960 1340 4038 meminisses,
1377 3961 1639 4040 Quinte,
1670 3963 1921 4026 reverti.

320 4128 399 4177 10.
422 4142 541 4190 qum
673 4131 756 4179 29.
794 4132 918 4193 quid
944 4133 1039 4180 tibi
1063 4132 1171 4190 vis;
1206 4134 1319 4194 agis
1343 4133 1647 4195 improbus?
1803 4136 1883 4182 32.
1922 4135 1945 4184 Ρ
1969 4134 2175 4183 mellist.

1024 4211 1104 4257 33.
1143 4211 1166 4258 P
1188 4215 1468 4260 ventumst.
