3025 4776
401 343 513 397 238
1240 338 1305 412 ρ.
1351 338 1667 397 HORATJ
1711 339 2001 398 FLACCJ

407 526 506 568 aed.
529 527 628 569 aa
651 528 686 569 1.
708 527 745 568 a
830 502 1105 566 Nostros
1133 510 1199 567 et
1227 503 1410 567 tenui
1440 503 1716 568 deducta
1745 508 2038 588 poemata
2066 503 2174 567 filo
2197 528 2216 581 ς
2699 507 2826 567 225

833 616 999 678 Cum
1028 635 1356 697 speramus
1385 636 1461 678 eo
1488 636 1628 679 rem
1658 624 2016 693 venturam,
2047 625 2124 677 ut
2151 612 2345 676 simul
2375 620 2568 696 atque

831 725 1137 788 Carmina
1164 724 1455 789 rescieris
1485 746 1605 789 nos
1635 726 1898 808 fingere,
1929 723 2302 789 commodus
2330 724 2504 787 ultro

831 842 1133 905 Arcessas
1163 847 1229 905 et
1259 861 1444 923 egere
1472 847 1647 904 vetes
1676 847 1743 904 et
1771 840 2046 904 scribere
2075 861 2285 924 cogas.

406 982 473 1022 op.
493 980 563 1021 pr.
578 970 619 1010 s.
634 970 671 1011 ε.
688 970 726 1011 4.
740 972 804 1010 oa.
836 952 964 1015 Sed
992 958 1209 1015 tamen
1239 960 1337 1015 est
1366 972 1576 1034 operae
1605 950 1885 1034 pretium
1916 970 2317 1033 cognoscere,
2351 951 2569 1035 quales

832 1063 1134 1127 AEdituos
1162 1062 1397 1126 habeat
1427 1062 1578 1126 belli
1606 1069 1893 1145 spectata
1919 1061 2221 1152 domique
2699 1063 2833 1124 230

833 1174 1059 1237 Virtus
1087 1172 1352 1255 indigno
1380 1193 1512 1235 non
1542 1171 2007 1236 committenda
2036 1175 2261 1255 poetae.

836 1285 1076 1346 Gratus
1104 1283 1470 1347 Alexandro
1497 1283 1636 1366 regi
1665 1304 1902 1366 magno
1929 1283 2056 1347 fuit
2083 1283 2192 1348 ille

413 1416 525 1457 cm.
548 1416 599 1456 A.
622 1416 667 1457 P.
688 1415 778 1456 ³⁶⁷.
834 1393 1175 1472 Choerilus,
1207 1393 1466 1457 incultis
1497 1394 1604 1475 qui
1637 1392 1920 1457 versibus
1950 1401 2017 1458 et
2045 1394 2212 1458 male
2239 1394 2411 1458 natis

835 1504 1117 1567 Rettulit
1147 1512 1459 1587 acceptos,
1490 1503 1703 1586 regale
1732 1504 2070 1582 nomisma,
2102 1503 2449 1587 Philippos.

836 1615 962 1678 Sed
992 1615 1189 1679 veluti
1219 1623 1495 1679 tractata
1524 1624 1743 1679 notam
1774 1614 2111 1697 labemque
2138 1616 2482 1694 remittunt
2688 1619 2815 1679 235

833 1732 1234 1803 Ati-amenta,
1267 1726 1399 1790 fere
1428 1727 1767 1809 scriptores
1798 1726 2078 1789 carmine
2107 1725 2280 1790 foedo

408 1862 486 1902 nn.
512 1862 559 1903 a.
583 1862 617 1902 1.
638 1862 701 1902 ιο.
723 1863 785 1902 ³0.
836 1834 1183 1918 Splendida
1213 1834 1382 1898 facta
1409 1835 1647 1898 linunt.
1738 1834 1925 1898 Idem
1955 1855 2062 1898 rex
2095 1835 2222 1914 ille,
2255 1839 2484 1919 poema

835 1945 968 2011 Qui
996 1953 1132 2007 tam
1161 1944 1506 2008 ridiculum
1536 1952 1673 2009 tam
1705 1966 1849 2009 care
1878 1946 2182 2029 prodigus
2214 1946 2392 2024 emit,

831 2056 1063 2120 Edicto
1092 2055 1319 2134 vetuit,
1350 2076 1433 2119 ne
1464 2056 1609 2139 quis
1638 2077 1705 2119 se
1734 2065 1965 2139 praeter
1993 2057 2265 2140 Apellen

356 2224 363 2230 .
406 2190 483 2230 ate.
510 2189 557 2229 a.
579 2189 615 2228 1.
638 2189 701 2228 m.
721 2188 784 2228 20.
833 2169 1160 2252 Pingeret,
1196 2175 1309 2232 aut
1339 2168 1501 2231 alius
1532 2168 1817 2252 Lysippo
1847 2168 2109 2233 duceret
2137 2189 2266 2232 sera
2697 2172 2831 2233 240

833 2280 1042 2344 Fortis
1071 2279 1417 2343 Alexandri
1446 2280 1697 2342 vultum
1726 2279 2114 2342 simulantia.
2205 2277 2396 2346 Quod
2426 2278 2481 2341 si

833 2394 875 2457 J
882 2392 1161 2456 udicium
1190 2388 1424 2454 subtile
1453 2390 1740 2454 videndis
1770 2391 2013 2455 artibus
2042 2391 2201 2454 illud

833 2504 941 2569 Ad
969 2503 1163 2567 libros
1193 2510 1258 2567 et
1289 2502 1369 2566 ad
1398 2500 1541 2566 haec
1570 2502 1911 2565 Musarum
1941 2501 2110 2565 dona
2136 2523 2412 2582 vocares,

835 2617 1140 2680 Boeotum
1168 2614 1238 2677 in
1270 2590 1480 2678 crasso
1503 2612 1756 2695 jurares
1785 2617 1930 2676 aere
1972 2620 2222 2677 natum.

832 2729 926 2790 At
955 2745 1163 2808 neque
1193 2723 1581 2787 dedecorant
1610 2730 1725 2786 tua
1752 2723 1831 2787 de
1860 2744 1928 2787 se
1949 2723 2196 2808 judicia
2224 2729 2416 2806 atque
2698 2726 2831 2786 245

834 2837 1136 2912 Munera,
1169 2855 1310 2917 quae
1340 2834 1548 2897 multa
1578 2833 1793 2897 dantis
1824 2854 1983 2897 cum·
2002 2834 2189 2899 laude
2217 2835 2506 2899 tulerunt
2557 2844 2562 2857 ⁴
2595 2858 2606 2873 ·

412 2969 501 3008 ην.
525 2958 782 3006 8-1·⁶.40;
836 2946 1074 3010 Dilecti
1102 2943 1221 3008 tibi
1251 2944 1564 3027 Virgilius
1591 2944 1955 3028 Variusque
1984 2949 2191 3029 poeltae
2212 2970 2233 3023 ;

410 3089 498 3133 ης.
521 3086 568 3125 c,
589 3086 626 3124 4.
648 3088 686 3125 s.
709 3084 770 3125 13.
836 3060 979 3123 Nec
1007 3058 1213 3141 magis
1242 3056 1523 3140 expressi
1553 3057 1764 3120 voltus
1793 3078 1906 3140 per
1934 3062 2136 3121 aenea
2162 3058 2365 3141 signa,

840 3172 1052 3237 Quam
1084 3189 1195 3252 per
1223 3168 1385 3232 vatis
1415 3189 1576 3251 opus
1605 3188 1813 3231 mores
1843 3167 2167 3251 animique
2203 3168 2483 3232 virorum

838 3281 1172 3343 Clarorum
1202 3285 1535 3361 apparent.
1619 3277 1762 3341 Nec
1791 3298 2114 3342 sermones
2144 3299 2264 3362 ego
2291 3279 2550 3342 ‘mallem
2701 3281 2842 3344 250

840 3394 1161 3474 Repentes
1190 3410 1306 3472 per
1333 3389 1607 3452 humum
1638 3409 1831 3471 quam
1861 3409 1964 3451 res
1995 3410 2373 3473 componere
2403 3398 2634 3473 gestas,

574 3543 583 3552 ·
609 3514 737 3553 12⁹⁵·
837 3505 1304 3583 Terrarumque
1334 3499 1497 3561 situs
1528 3505 1594 3562 et
1623 3498 1889 3561 fiumina
1920 3498 2127 3562 dicere
2157 3507 2223 3563 et
2253 3522 2429 3564 arces

838 3611 1179 3675 Montibus
1209 3609 1537 3691 impositas
1569 3616 1635 3670 et
1664 3606 1933 3671 barbara
1960 3630 2160 3692 regna
2189 3610 2444 3693 tuisque

413 3772 507 3801 ‘m
527 3760 579 3801 0,
601 3760 638 3799 4,
661 3759 722 3797 14,
745 3759 808 3798 33,
837 3722 1158 3806 Auspiciis
1188 3728 1401 3784 totum
1430 3718 1724 3782 confecta
1753 3719 1964 3783 duella
1991 3741 2105 3804 per
2133 3720 2355 3785 orbem

410 3876 586 3921 Jamc.
609 3875 787 3916 4159,
839 3835 1256 3916 Claustraque
1287 3830 1615 3894 custodem
1647 3830 1822 3912 pacis
1851 3830 2217 3895 cohibentia
2248 3834 2290 3896 J
2292 3853 2489 3895 anum
2705 3835 2839 3897 255

406 3994 497 4046 Ρη..
520 3991 567 4034 C·
589 3994 626 4033 1·
645 3992 683 4032 2·
704 3992 767 4030 ω.
837 3948 924 4008 Et
954 3943 1361 4008 formidatam
1395 3940 1653 4005 Parthis
1683 3947 1750 4003 te
1779 3942 2065 4025 principe
2098 3944 2397 4022 Romam,
2824 3921 2832 3928 ⁶

841 4057 912 4118 Si
932 4062 1242 4139 quantum
1268 4074 1592 4136 cuperem,
1611 4075 1861 4136 possem
1887 4076 2139 4138 quoque
2162 4081 2182 4134 ;
2213 4057 2325 4120 sed
2345 4078 2551 4141 neque
2570 4078 2842 4140 parvum

415 4197 499 4246 ηε.
524 4191 569 4281 g.
594 4191 611 4227 1
651 4192 676 4223 a
839 4168 1115 4229 Carmen
1146 4164 1448 4247 majestas
1478 4163 1703 4247 recipit
1732 4172 1849 4227 tua
1879 4187 1996 4231 nec
2027 4188 2208 4231 meus
2238 4167 2432 4231 audet

621 4220 629 4228 .
681 4219 688 4227 .
710 4190 748 4226 9.

588 4242 624 4279 2.
648 4239 681 4277 l.
706 4239 767 4279 13.

1351 4324 1465 4373 239.
1501 4325 1754 4386 Apollern.
1890 4325 2005 4376 247.
2041 4327 2319 4389 Vergilius.
