3025 4776
304 265 376 316 60

294 1073 334 1111 4.
355 1059 403 1101 C.
424 1060 460 1100 1.
480 1061 517 1101 2.
538 1061 600 1100 22.

298 1655 413 1707 Apu.
434 1655 482 1697 o.
506 1655 541 1697 1.
556 1656 619 1696 22.
634 1655 697 1697 13.

297 2003 397 2047 Jov.
417 2003 465 2044 C.
483 2004 521 2044 4.
543 2004 603 2044 15.
623 2004 662 2045 6.

304 2940 370 2970 so.
393 2927 441 2969 C.
462 2929 499 2968 4.
521 2929 582 2968 14.
603 2928 666 2968 32.

306 3189 368 3219 82.
392 3176 441 3217 E.
462 3175 501 3217 2.
523 3176 557 3216 1.
581 3176 667 3216 191.

306 3877 367 3917 28.
390 3874 440 3916 E.
462 3875 497 3916 1.
520 3874 582 3914 lo.
602 3873 666 3915 2⁷.

1131 264 1196 337 Q.
1242 265 1560 323 HORATI
1593 265 1882 322 FLAocz

1684 559 1768 623 V.

988 698 1184 761 CAELo
1214 702 1549 759 tonantem
1581 693 1967 758 credidimus
2000 695 2042 758 J
2045 715 2229 758 ovem

988 809 1282 890 Regnare
1309 832 1322 870 :
1369 827 1651 890 praesens
1682 805 1865 869 divus
1894 805 2240 869 habebitur

1072 919 1429 1000 Augustus,
1462 916 1732 999 adjectis
1764 916 2095 980 Britannis

1159 1028 1444 1113 Imperio
1473 1027 1899 1111 gravibusque
1929 1028 2163 1093 Persis.

987 1165 1265 1229 Milesne
1296 1165 1509 1230 Crassi
1544 1164 1818 1246 conjuge
1847 1163 2119 1227 barbara

985 1277 1215 1359 Turpis
1245 1276 1517 1337 maritus
1546 1274 1754 1337 vixit?
1801 1283 1867 1337 et
1894 1273 2271 1338 hostium—-

1074 1388 1205 1452 Pro
1235 1386 1454 1464 Curia,
1484 1385 1846 1468 inversique
1876 1405 2088 1449 mores
2117 1385 2226 1471 !—7

1161 1497 1515 1571 Consenuit
1542 1517 1908 1560 socerorum
1937 1496 2007 1559 in
2037 1496 2252 1573 armis,

993 1633 1129 1699 Sub
1159 1654 1308 1717 rege
1338 1633 1560 1711 Medo,
1593 1634 1856 1696 Marsus
1887 1640 1953 1697 et
1983 1634 2253 1717 Apulus,

987 1746 1390 1810 Anciliorum
1421 1754 1487 1809 et
1518 1745 1799 1808 nominis
1829 1752 1896 1808 et
1926 1752 2094 1827 togae

1075 1857 1356 1934 Oblitus,
1389 1864 1772 1939 aeternaeque
1801 1855 2039 1932 Vestae,

1161 1968 1484 2032 Incolumi
1516 1969 1675 2032 Jove
1705 1976 1771 2031 et
1799 1967 1958 2031 urbe
1989 1968 2249 2030 Roma?

990 2104 1138 2167 Hoc
1167 2111 1419 2167 caverat
1449 2124 1631 2167 mens
1663 2102 1924 2187 provida
1954 2102 2209 2185 Reguli,

987 2216 1440 2280 Dissentientis
1470 2214 1952 2279 condicionibus

1076 2326 1311 2406 Foedis,
1344 2334 1409 2392 et
1439 2325 1730 2410 exemplo
1759 2324 2074 2388 trahentis

1160 2440 1520 2505 Perniciem
1551 2438 1810 2503 veniens
1838 2439 1907 2500 in
1938 2458 2164 2515 aevum,

992 2576 1064 2640 Si
1094 2598 1224 2639 non
1253 2576 1488 2660 periret
1519 2574 1993 2639 immiserabilis

990 2688 1258 2772 Captiva
1285 2687 1504 2771 pubes.
1599 2693 1642 2722 “
1672 2687 1872 2770 Signa
1899 2707 2018 2769 ego
2048 2684 2311 2750 Punicis

1075 2798 1283 2862 Affixa
1314 2797 1617 2876 delubris,
1649 2805 1715 2861 et
1745 2818 1924 2860 arma

1164 2909 1488 2973 Militibus
1519 2909 1658 2972 sine
1688 2907 1927 2985 caede,”
1976 2906 2156 2985 dixit,

927 3051 972 3082 “
995 3046 1277 3129 Derepta
1306 3045 1432 3107 vidi
1460 3070 1473 3107 :
1521 3043 1650 3107 vidi
1679 3064 1798 3125 ego
1828 3043 2063 3106 civium

992 3162 1267 3224 Retorta
1293 3168 1475 3243 tergo
1504 3158 1802 3252 bracchia
1829 3157 2049 3236 libero,

1075 3272 1429 3353 Portasque
1458 3289 1593 3332 non
1623 3268 1885 3344 clausas,
1919 3276 1984 3331 et
2014 3288 2165 3330 arva

1165 3384 1384 3446 Marte
1414 3380 1538 3444 coli
1567 3380 1870 3463 populata
1896 3386 2139 3442 nostro.

926 3524 969 3555 “
992 3520 1175 3583 Auro
1204 3539 1510 3601 repensus
1540 3515 1782 3580 scilicet
1812 3515 2017 3578 acrior

994 3629 1190 3692 Miles
1220 3629 1455 3691 redibit
1484 3628 1498 3690 1
1551 3627 1828 3710 Flagitio
1860 3626 2096 3689 additis

1079 3741 1429 3803 Damnum.
1521 3739 1756 3821 Neque
1786 3738 2052 3800 amissos
2083 3736 2325 3801 colores

1166 3850 1350 3944 Lana
1378 3850 1575 3914 refert
1606 3849 1925 3913 medicata
1952 3848 2120 3927 fuco,

923 3991 967 4022 “
985 3986 1127 4050 Nec
1155 4006 1305 4049 vera
1332 3985 1557 4063 virtus,
1590 4006 1737 4047 cum
1769 3984 1965 4047 semel
1995 3982 2251 4060 excidit,

991 4101 1192 4165 Curat
1221 4098 1442 4180 reponi
1472 4096 1916 4160 deterioribus.

1123 4264 1169 4309 8.
1196 4260 1347 4308 arviS.
1485 4258 1564 4306 15.
1591 4257 1838 4316 trahenti,
1865 4258 1927 4306 K.

2066 4257 2148 4305 21.
2174 4255 2394 4316 direpta.

2651 1747 2732 1807 10

2646 2905 2733 2966 20

2646 3520 2730 3579 25

2647 4097 2736 4158 30
