3025 4776
284 272 359 326 54

272 742 310 771 ι.
333 729 382 772 0.
401 731 438 771 4.
458 732 577 773 αθ.

269 1076 308 1113 4.
330 1064 378 1105 C.
400 1066 438 1106 4.
459 1066 522 1106 14.
543 1066 608 1109 2³.

269 1213 358 1255 div.
380 1213 429 1256 C.
450 1215 486 1257 1.
507 1215 545 1256 1.
565 1216 630 1258 25.

272 1436 306 1478 7.
329 1428 376 1470 Ο.
400 1429 437 1470 1.
457 1430 520 1471 85.
543 1430 605 1471 11.

264 2602 326 2643 ¹7.
349 2593 396 2634 ο.
416 2594 453 2634 4.
469 2595 507 2634 9.
526 2595 589 2635 39.

261 2654 359 2695 rep.
380 2644 432 2686 E.
455 2646 491 2685 1.
512 2644 549 2686 1.
568 2646 632 2687 ⁴3.

262 3216 361 3259 tem.
381 3216 433 3260 Ε.
454 3217 490 3258 1.
511 3216 573 3259 17.
593 3219 657 3260 84.

254 4028 353 4072 Die.
374 4027 473 4071 0.1.
493 4029 556 4071 84.
576 4028 617 4070 ὅ.

1111 272 1175 345 ρ.
1234 273 1556 332 HORATJ
1601 273 1892 332 FLAool

1656 584 1756 647 ΙΙ.

958 720 1331 783 Aneusuu
1366 720 1570 783 amice
1591 720 1965 803 ‚pauperiem
1995 721 2128 804 pati

961 830 1291 895 Robustus
1319 832 1450 895 aeri
1479 832 1714 895 militia
1741 853 1900 916 puer

1045 942 1414 1021 Condiseat,
1445 951 1511 1006 et
1542 943 1819 1007 Parthos
1848 942 2076 1007 ferocis

1129 1053 1340 1117 Vexet
1369 1074 1563 1137 eques
1592 1052 1977 1118 metuendus
2004 1052 2226 1133 hasta,'

956 1187 1307 1272 Vitamque
1337 1188 1457 1252 sub
1487 1189 1634 1253 divo
1662 1197 1729 1253 et
1758 1188 2022 1273 trepidis
2053 1198 2204 1273 agat

957 1299 1042 1363 In
1071 1299 1281 1369 rebus.
1373 1300 1572 1363 Illum
1603 1321 1680 1363 ex
1710 1300 2032 1365 moenibus
2060 1301 2326 1366 hosticis

1042 1411 1351 1475 Matrona
1377 1411 1678 1475 bellantis
1707 1412 1969 1496 tyranni

1129 1521 1534 1606 Prospiciens
1563 1529 1631 1587 et
1660 1523 1881 1587 adulta
1908 1523 2089 1607 virgo

959 1659 1272 1742 Suspiret,
1319 1659 1527 1724 eheu!
1577 1680 1659 1723 ne
1688 1658 1865 1723 rudis
1896 1659 2231 1743 agminum

956 1769 1241 1852 Sponsus
1268 1770 1540 1833 lacessat
1569 1770 1781 1854 regius
1810 1792 2109 1855 asperum

1039 1882 1245 1946 'Pactu
1271 1882 1546 1961 leonem,
1577 1904 1770 1966 quem
1801 1890 2068 1948 cruenta

1126 1995 1253 2060 Per
1281 1993 1522 2058 medias
1550 1993 1718 2077 rapit
1745 1995 1844 2057 ira
1872 1994 2098 2059 eaedes.

953 2129 1158 2193 Dulce
1188 2137 1255 2194 et
1284 2129 1586 2195 decorum
1616 2137 1715 2194 est
1743 2150 1859 2214 pro
1886 2131 2094 2216 patria
2137 2132 2342 2197 mori:

950 2239 1135 2303 Mors
1164 2246 1231 2303 et
1258 2240 1554 2323 fugacem
1583 2240 1984 2325 persequitur
2020 2240 2253 2321 virum,

1033 2353 1178 2418 Nec
1208 2353 1413 2437 parcit
1440 2352 1718 2421 imbellis
1736 2355 2026 2440 juventae

1121 2464 1477 2550 Poplitibus
1507 2465 1862 2551 timidoque
1890 2476 2092 2551 tergo,

945 2602 1196 2681 Virtus,
1227 2603 1498 2686 repulsae
1528 2604 1743 2667 nescia
1769 2605 2062 2684 sordidae,

948 2712 1362 2778 Intaminatis
1390 2713 1596 2798 fulget
1624 2714 1975 2780 honoribus
1996 2742 2017 2794 3

1032 2824 1176 2890 Nec
1206 2826 1405 2889 sumit
1434 2832 1549 2889 aut
1577 2826 1760 2910 ponit
1790 2847 2040 2890 secures

1116 2935 1406 3000 Arbitrio
1434 2937 1757 3020 popularis
1797 2959 1989 3002 aurae.

945 3070 1193 3150 Virtus,
1226 3072 1560 3136 recludens
1587 3072 1924 3136 immeritis
1939 3065 1940 3068 '
1955 3073 2119 3136 mori

944 3182 1212 3261 Caelum,
1246 3188 1480 3265 negata
1507 3189 1786 3265 temptat
1813 3182 1938 3246 iter
1966 3183 2110 3247 via:

1033 3293 1383 3377 Coetusque
1413 3293 1699 3376 volgares
1728 3301 1796 3357 et
1826 3294 2021 3358 udam

1122 3405 1387 3489 Spernit
1414 3404 1689 3468 humum
1718 3405 2009 3489 fugiente
2039 3427 2269 3490 penna.

940 3541 1061 3604 Est
1091 3549 1157 3604 et
1186 3540 1358 3605 fideli
1387 3549 1536 3605 tuta
1563 3542 1819 3607 silentio

940 3651 1229 3715 Merces:
1276 3651 1526 3729 vetab0,
1559 3653 1670 3735 qui
1701 3652 1953 3716 Cereris
1983 3675 2235 3717 sacrum

1024 3761 1323 3844 Vo'lgarit
1351 3783 1621 3841 arcanae,
1652 3763 1773 3826 sub
1801 3763 2004 3827 isdem

1117 3871 1218 3935 Sit
1248 3871 1559 3950 trabibus,
1590 3873 1957 3956 fragilemve
1986 3896 2241 3939 meeum

941 4007 1159 4071 Solvat
1187 4006 1511 4090 phaselon.
1609 4009 1788 4091 Saepe
1832 4008 2155 4093 Diespiter

937 4117 1292 4200 Neglectus
1322 4118 1567 4182 incesto
1598 4117 1841 4181 addidit
1869 4119 2195 4203 integrum
2217 4145 2236 4196 ς

2615 1778 2696 1838 10

2607 2359 2685 2420 15

2598 2942 2684 3003 20

2589 3547 2674 3608 25

2589 4124 2676 4185 30

744 4289 791 4334 3.
828 4286 1044 4335 seroces,
1180 4287 1257 4333 13.
1297 4286 1317 4335 Ρ
1343 4287 1655 4334 decorumst.
1819 4288 1883 4333 23
1909 4307 1922 4344 ς
1949 4286 2028 4337 27.
2055 4288 2326 4350 vulgarem
2364 4289 2607 4351 vulgarit.
