3025 4776
1010 277 1481 336 SATIRARUM
1552 279 1706 336 LIB.
1772 280 1860 338 II.
1921 299 1974 337 v.
2601 285 2711 341 185

423 440 532 505 Sic
561 421 781 504 tamen
810 447 887 504 ut
914 440 1087 504 limis
1117 442 1324 524 rapias
1354 441 1509 524 quid
1542 442 1747 524 prima
1775 441 2055 506 secundo

423 553 586 615 Cera
614 552 765 614 velit
795 573 981 614 versu
998 577 1017 629 3
1065 551 1237 614 solus
1266 553 1571 616 multisne
1603 552 1883 631 coheres,
2319 566 2411 607 coh·
2465 567 2611 607 v-107·

289 664 377 725 55
423 662 650 727 Veloci
678 682 976 746 percurre
1005 662 1213 725 oculo.
1304 662 1696 744 Plerumque
1725 670 2014 726 recoctus

294 773 299 776 ’
427 773 651 836 Scriba
679 793 756 835 ex
786 771 1202 854 quinqueviro
1231 791 1490 834 corvum
1523 771 1782 835 deludet
1811 772 2118 850 hiantem,

429 883 860 965 Captatorque
890 881 1071 944 dabit
1100 880 1264 944 risus
1290 881 1528 944 Nasica
1558 882 1830 945 Corano.

428 992 612 1055 Num
640 991 852 1055 furis?
899 1013 981 1054 an
1011 990 1288 1074 prudens
1316 991 1485 1054 ludis
1514 1012 1619 1055 me
1649 991 1918 1055 obscura
1956 991 2291 1056 canendo?

428 1103 486 1166 O
518 1101 879 1179 Laertiade,
913 1100 1221 1183 quidquid
1252 1101 1461 1163 dicam
1493 1109 1605 1164 aut
1636 1101 1759 1163 erit
1790 1110 1903 1164 aut
1932 1123 2100 1166 non:

295 1215 387 1275 60
430 1212 733 1276 Divinare
763 1211 1001 1274 etenim
1033 1231 1304 1292 magnus
1335 1210 1493 1273 mihi
1524 1210 1720 1274 donat
1750 1211 2005 1294 Apollo,

431 1321 607 1388 Quid
636 1329 853 1385 tamen
881 1321 1005 1383 ista
1033 1321 1187 1383 velit
1217 1319 1340 1383 sibi
1368 1319 1605 1412 fabula,
1638 1321 1693 1382 si
1721 1321 1893 1399 licet,
1925 1321 2060 1385 ede.

429 1434 741 1515 Tempore
773 1453 899 1514 quo
920 1431 1174 1515 juvenis
1205 1431 1459 1493 Parthis
1489 1431 1864 1509 horrendus,
1898 1432 1976 1496 ab
2007 1432 2137 1495 alto
2309 1453 2407 1503 sav.
2431 1452 2477 1492 c-.
2498 1452 2536 1541 ὲ,
2558 1453 2681 1542 ‘iifl‘

431 1543 800 1606 Demissum
830 1563 1031 1624 genus
1062 1542 1293 1618 AEnea,
1326 1541 1556 1604 tellure
1586 1542 1874 1624 marique
2526 1533 2536 1542 ’
2610 1533 2619 1543 ’
2667 1531 2678 1543 ’

434 1654 720 1734 Magnus
750 1652 892 1729 erit,
924 1651 1074 1714 forti
1105 1650 1305 1714 nubet
1335 1671 1595 1733 procera
1626 1651 1878 1715 Corano
2313 1673 2408 1723 sor.
2432 1672 2472 1712 s,
2491 1673 2528 1711 2.
2549 1674 2587 1712 s.
2601 1673 2692 1712 216.

297 1764 384 1825 65
432 1763 600 1826 Filia
627 1761 903 1840 Nasicae,
936 1762 1284 1824 metuentis
1313 1761 1575 1824 reddere
1604 1762 1876 1826 soldum.
2324 1791 2422 1829 mee.
2444 1787 2491 1828 e.
2512 1789 2550 1827 2.
2569 1788 2607 1827 2.
2627 1787 2666 1827 ⁷.

432 1877 599 1938 Tum
630 1895 824 1958 gener
854 1875 976 1938 hoc
1004 1874 1196 1937 faciet
1223 1900 1235 1937 ε
1284 1873 1536 1937 tabulas
1565 1895 1781 1937 socero
1810 1873 1989 1936 dabit
2019 1880 2210 1956 atquc

436 1988 534 2051 Ut
563 1987 734 2068 legat
763 1985 975 2048 orabit
1001 2009 1014 2048 :
1061 1986 1340 2047 multum
1368 1983 1612 2047 Nasica
1639 1991 1901 2066 negatas

436 2097 728 2179 Accipiet
759 2095 1021 2159 tandem
1053 2102 1120 2157 et
1150 2094 1384 2157 tacitus
1414 2094 1605 2176 leget,
1636 2093 2044 2176 invenietque

435 2207 551 2269 Nil
585 2206 708 2269 sibi
737 2206 1021 2288 legatum
1053 2213 1285 2288 praeter
1315 2205 1558 2287 plorare
1589 2204 1865 2287 suisque.
2324 2231 2412 2281 plo.
2437 2228 2702 2271 s.1.10.o1.

304 2318 391 2380 70
435 2315 608 2379 Illud
638 2316 717 2378 ad
746 2316 881 2378 haec
906 2315 1105 2399 jubeo
1132 2340 1145 2377 ε
1192 2315 1424 2377 mulier
1452 2315 1505 2376 si
1537 2314 1702 2377 forte
1732 2313 1951 2377 dolosa

436 2427 813 2491 Libertusve
844 2446 1059 2489 senem
1092 2424 1363 2489 delirum
1393 2432 1725 2507 temperet,
1756 2425 1883 2486 illis

435 2536 720 2600 Accedas
749 2535 993 2613 socius3
1039 2535 1281 2613 laudes,
1312 2535 1591 2598 lauderis
1622 2542 1697 2597 ut
1727 2533 1992 2597 absens:

439 2646 562 2730 Adj
574 2654 720 2709 uvat
749 2645 872 2709 hoc
903 2666 1175 2728 quoque,
1208 2645 1335 2709 sed
1348 2644 1547 2708 vincit
1575 2645 1764 2727 longe
1793 2643 1967 2726 prius
1985 2643 2195 2726 ipsum

437 2757 819 2840 Expugnare
849 2764 1061 2838 caput.
1155 2756 1406 2819 Scribet
1437 2755 1605 2818 mala
1634 2755 1918 2817 carmina
1956 2774 2169 2817 vecors
2197 2778 2211 2814 ε

314 2869 395 2929 75
443 2865 756 2929 Laudato.
850 2866 1180 2927 Scortator
1209 2865 1373 2927 erit:
1422 2886 1572 2927 cave
1603 2872 1668 2927 te
1699 2871 1880 2945 roget
1908 2889 1926 2941 ;
1974 2863 2143 2926 ultro

441 2976 825 3058 Penelopam
852 2974 1059 3037 facilis
1088 2974 1319 3057 potiori
1353 2974 1550 3037 trade.
1642 2974 1974 3037 Putasne?
2323 2972 2418 3022 1’0‘·
2431 2972 2602 3072 {35³1}
2616 2973 2677 3060 1²3

440 3085 712 3147 Perduci
743 3084 976 3167 poterit
1005 3091 1142 3146 tam
1172 3083 1340 3165 frugi
1371 3091 1632 3167 tamque
1661 3084 1909 3167 pudica,
2320 3123 2417 3173 m,
2443 3121 2550 3161 1:21.
2577 3121 2636 3158 1⁶.
2657 3120 2721 3159 49,

443 3199 656 3264 Quam
686 3196 990 3278 nequiere
1019 3196 1194 3278 proci
1225 3209 1401 3259 recto
1433 3195 1743 3278 depellere
1774 3184 1962 3259 cursu
1987 3197 2016 3257 ’Β
2332 3220 2690 3273 78.C.3.10.11.

441 3308 644 3371 Venit
674 3306 847 3369 enim
877 3326 1182 3387 magnum
1215 3305 1492 3368 donandi
1525 3325 1715 3387 parca
1736 3305 2063 3387 juventuS,

311 3420 399 3481 80
442 3418 583 3480 Nee
612 3424 869 3479 tantum
900 3416 1147 3478 veneris
1179 3422 1490 3497 quantum
1524 3413 1806 3476 studiosa
1836 3414 2097 3477 culinae:

444 3530 552 3592 Sic
582 3527 701 3591 tibi
737 3526 1046 3608 Penelope
1075 3525 1245 3607 frugi
1276 3532 1390 3602 est,
1425 3545 1568 3607 quse
1597 3523 1646 3585 si
1679 3524 1873 3585 semel
1916 3544 2047 3587 uno

442 3642 543 3704 De
573 3659 723 3701 sene
754 3637 1030 3721 gustarit
1059 3644 1272 3699 tecum
1304 3636 1541 3718 partita
1568 3634 1888 3712 lucellum,
2332 3661 2727 3713 1⁸0,1³p,1.1s.102.

450 3752 548 3813 Ut
578 3749 753 3811 canis
784 3770 822 3810 a
851 3748 1023 3811 corio
1052 3767 1405 3828 numquam
1437 3744 1897 3809 absterrebitur
1926 3753 2142 3807 uncto,

447 3852 562 3922 Me
614 3879 761 3922 sene
816 3858 988 3941 quod
1041 3857 1250 3920 dicam
1306 3855 1552 3918 factum
1604 3864 1700 3918 est
1727 3881 1739 3918 :
1807 3877 1966 3918 anus
2017 3854 2307 3937 improba

747 3968 982 4031 Thebis

317 4079 399 4141 85
445 4079 532 4142 Et
560 4085 947 4143 testamento
978 4078 1069 4140 sic
1099 4084 1195 4140 est
1225 4076 1428 4140 elata:
1477 4077 1743 4139 cadaver

838 4252 923 4297 81.
961 4248 1214 4308 Psrugist.
1350 4249 1430 4294 84.
1469 4246 1490 4294 Ρ
1518 4247 1783 4293 factumst.
