3025 4776
952 308 1525 368 EPISTOLARUM
1595 313 1748 370 LIB.
1807 314 1863 372 I.
1923 314 1994 372 vi.
2594 323 2707 382 207

408 466 583 532 Quid
612 469 806 533 maris
837 477 1153 538 extremos
1183 475 1431 539 Arabas
1461 476 1727 541 ditantis
1755 487 1822 542 et
1852 477 2069 558 Indos,

406 578 685 642 Ludicra
715 581 891 663 quid,
921 583 1182 666 plausus
1211 594 1277 648 et
1308 586 1496 649 amici
1528 587 1696 651 dona
1727 590 2024 667 Quiritis,

407 690 554 755 Quo
584 693 929 774 spectanda
960 695 1167 773 modo,
1203 719 1329 779 quo
1358 718 1551 761 sensu
1581 699 1783 763 credis
1813 707 1879 764 et
1908 702 2067 765 ore?

404 802 536 868 Qui
567 803 752 867 timet
782 804 883 869 his
913 805 1192 882 adversa,
1225 807 1357 872 fere
1387 809 1657 873 miratur
1686 811 1935 889 eodem,

275 915 357 976 10
404 915 552 979 Quo
582 915 864 998 cupiens,
895 925 1084 998 pacto
1106 944 1125 995 3
1172 939 1367 1001 pavor
1395 930 1493 983 est
1523 921 1864 1005 utrobique
1894 922 2220 1002 molestus,

399 1026 755 1110 Improvisa
781 1028 971 1092 simul
1003 1030 1241 1112 species
1271 1039 1556 1095 exterret
1582 1039 1948 1115 utrumque.

400 1137 694 1202 Gaudeat
722 1161 806 1201 an
835 1138 1067 1217 doleat,
1100 1140 1314 1223 cupiat
1344 1150 1695 1221 metuatne,
1727 1143 1881 1227 quid
1910 1144 1991 1207 ad
2019 1165 2177 1223 rem,
2290 1156 2660 1208 cup-B·1·2-⁵1·

401 1249 495 1326 Si,
526 1249 836 1333 quidquid
868 1250 1024 1313 vidit
1056 1251 1283 1314 melius
1310 1252 1570 1334 pejusve
1599 1274 1715 1315 sua
1744 1275 1872 1337 spe,

396 1360 640 1423 Defixis
668 1362 867 1425 oculis
898 1363 1236 1445 animoque
1267 1371 1332 1426 et
1363 1384 1621 1446 corpore
1650 1366 1906 1448 torpet?

268 1473 347 1532 15
396 1471 617 1535 Insani
648 1472 897 1555 sapiens
926 1494 1162 1536 nomen
1190 1473 1374 1551 ferat,
1408 1495 1627 1557 aequus
1657 1475 1882 1558 iniqui,

393 1582 588 1645 Ultra
618 1603 810 1664 quam
840 1583 994 1646 satis
1026 1590 1123 1647 est
1153 1584 1457 1647 virtutem
1487 1585 1543 1647 si
1573 1593 1750 1670 petat
1779 1586 2001 1668 ipsam.

394 1693 430 1756 I
461 1714 656 1771 nune,
689 1702 1025 1776 argentum
1055 1701 1121 1758 et
1148 1716 1429 1759 marmor
1459 1704 1642 1759 vetus
1673 1718 1924 1780 aeraque
1953 1706 2019 1762 et
2049 1707 2217 1763 artes
2288 1712 2348 1754 ¹⁷·
2369 1703 2417 1745 0·
2437 1706 2475 1746 4
2495 1708 2533 1746 Β·
2552 1709 2613 1797 ἓ·

393 1803 679 1886 Suspice,
711 1825 860 1867 cum
890 1806 1160 1887 gemmis
1188 1806 1415 1890 Tyrios
1444 1807 1678 1871 mirare
1709 1809 1949 1872 colores
1971 1835 1991 1887 3
2286 1832 2347 1871 ιε.
2369 1829 2419 1870 a.
2439 1832 2477 1872 2.
2497 1833 2535 1874 2.
2567 1834 2654 1876 180.

288 1902 296 1908 ’
392 1914 638 1992 Gaude,
671 1914 843 1997 quod
872 1923 1162 1999 spectant
1191 1917 1361 1980 oculi
1392 1928 1455 1981 te
1488 1918 1662 1982 mille
1692 1919 2057 2003 loquentem
2083 1948 2102 2000 ς

261 2025 349 2087 20
393 2026 617 2089 Navus
647 2047 840 2089 mane
871 2027 1086 2090 forum
1117 2036 1183 2091 et
1211 2029 1611 2112 vespertinus
1640 2040 1785 2114 pete
1816 2040 2084 2112 tectum,

387 2140 493 2203 Ne
519 2139 664 2223 plus
693 2140 1002 2205 frumenti
1031 2141 1351 2206 dotalibus
1381 2151 1621 2206 emetat
1653 2144 1825 2226 agris

385 2250 616 2314 Mutus
646 2259 732 2330 et,
775 2251 1156 2336 (indignum,
1189 2254 1358 2337 quod
1389 2255 1475 2317 sit
1503 2254 1826 2337 pejoribus
1859 2256 2084 2337 ortus)

386 2362 519 2426 Hie
548 2362 667 2427 tibi
696 2363 780 2427 sit
810 2365 1020 2448 potius
1051 2386 1243 2449 quam
1273 2371 1348 2428 tu
1375 2365 1686 2429 mirabilis
1716 2364 1829 2429 illi.

386 2474 715 2557 Quidquid
748 2476 867 2539 sub
897 2483 1067 2539 terra
1096 2484 1225 2554 est,·
1244 2476 1312 2538 in
1345 2477 1630 2560 apricum
1661 2475 1935 2559 proferet
1966 2487 2159 2553 aetas;

249 2589 334 2649 25
381 2586 681 2649 Defodiet
710 2585 1067 2670 condetque
1095 2586 1387 2650 nitentia.
1479 2588 1645 2650 Cum
1678 2587 1839 2651 bene
1869 2595 2096 2649 notum

382 2698 673 2760 Porticus
700 2699 1002 2781 Agrippae
1033 2706 1098 2761 et
1128 2698 1230 2789 via
1259 2706 1326 2762 te
1356 2698 1754 2782 conspexerit
1783 2698 1975 2781 Appi,
2272 2725 2632 2776 Aop.Ep.4.14.

378 2807 486 2871 Ire
516 2815 737 2872 tamen
764 2817 985 2887 restat,
1016 2810 1241 2872 Numa
1270 2830 1397 2891 quo
1426 2808 1682 2872 devenit
1710 2816 1778 2872 et
1807 2810 2047 2871 Ancus.
2272 2854 2333 2894 ²⁷·
2355 2841 2402 2882 e.
2422 2843 2462 2883 4.
2481 2844 2520 2885 ⁷.
2542 2846 2604 2888 ιε.

378 2920 450 2982 Si
476 2919 647 2983 latus
676 2927 789 2983 aut
819 2941 999 2983 renes
1029 2919 1254 2983 morbo
1284 2928 1685 3002 temptantur
1714 2926 1922 2997 acute,

379 3032 612 3098 Quaere
639 3031 858 3114 fugam
888 3031 1114 3095 morbi.
1204 3031 1325 3095 Vis
1356 3040 1528 3094 recte
1561 3031 1765 3094 vivere
1791 3056 1805 3094 :
1854 3030 1996 3114 quis
2025 3052 2158 3094 non
2179 3031 2209 3093 Ρ

239 3145 331 3205 30
378 3142 449 3204 Si
480 3143 680 3206 virtus
708 3143 832 3207 hoe
861 3165 992 3207 una
1020 3151 1230 3227 potest
1259 3143 1430 3222 dare,
1464 3143 1646 3207 fortis
1675 3143 1922 3207 omissis
2263 3175 2352 3216 mr.
2374 3168 2425 3210 E.
2447 3170 2483 3211 1.
2504 3172 2542 3212 2.
2563 3173 2627 3214 ω.

376 3252 526 3315 Hoc
555 3275 671 3336 age
700 3253 959 3317 deliciis,
1050 3252 1380 3317 Virtutem
1411 3254 1606 3318 verba
1632 3263 1821 3337 putas
1850 3262 1918 3318 et
2262 3267 2505 3360 hoca-⁶133}
2520 3273 2660 3362 {¹3}

373 3365 622 3430 Lucum
652 3367 864 3450 ligna:
913 3388 1062 3430 cave
1091 3388 1173 3430 ne
1204 3375 1424 3451 portus
1453 3375 1721 3450 occupet
1752 3367 1945 3445 alter„
2565 3366 2576 3376 '
2652 3354 2663 3366 ’

374 3478 477 3540 Ne
508 3476 890 3561 Cibyratica,
923 3499 1005 3541 ne
1037 3477 1324 3562 Bithyna
1352 3478 1613 3560 negotia
1641 3477 1867 3560 perdas
1889 3504 1909 3555 ς
2261 3498 2352 3539 Bu.
2376 3500 2423 3541 e.
2440 3502 2480 3592 ἐ.
2499 3504 2624 3593 {³55²

368 3588 554 3651 Mille
584 3589 825 3651 talenta
855 3589 1300 3665 retundentur,
1332 3588 1602 3652 totidem
1635 3590 1854 3665 altera,
1887 3610 2072 3670 porro
2101 3598 2165 3653 et
2469 3582 2478 3591 ⁸
2527 3583 2535 3591 ⁰
2585 3584 2595 3593 ”

233 3706 320 3765 35
370 3701 590 3763 Tertia
619 3700 968 3763 succedant
997 3713 1062 3764 et
1092 3722 1234 3784 quae
1263 3723 1407 3782 pars
1438 3700 1710 3783 quadrat
1742 3722 2057 3765 acervum.

370 3812 626 3875 Scilicet
656 3833 920 3875 uxorem
951 3833 1096 3874 cum
1128 3811 1277 3874 dote
1307 3810 1628 3894 fidemque
1658 3819 1724 3874 et
1755 3812 1991 3874 amieos
2257 3848 2323 3898 3⁶,
2346 3846 2386 3887 s,
2407 3850 2445 3887 2,
2465 3851 2587 3890 «ὡκ,
2678 3877 2686 3886 ,

363 3924 453 3985 Et
484 3943 682 4004 genus
712 3930 777 3985 et
806 3923 1077 3985 formam
1106 3922 1328 4004 regina
1357 3923 1640 3985 Pecunia
1669 3921 1886 3998 donat,
2257 3973 2322 4014 ³⁷·
2345 3963 2386 4002 Β,
2407 3965 2444 4003 2,
2466 3967 2504 4005 5,
2523 3966 2563 4006 0·

363 4034 464 4096 Ae
494 4031 655 4094 bene
685 4039 1091 4094 nummatum
1127 4029 1384 4094 decorat
1418 4029 1694 4093 Suadela
1723 4030 2095 4113 Venusque.

363 4142 706 4225 Maneipiis
735 4141 1015 4225 locuples
1045 4149 1191 4223 eget
1221 4141 1361 4203 aeris
1392 4140 1840 4224 Cappadocum
1871 4163 1981 4205 rex
2008 4166 2022 4206 ε

780 4315 862 4362 24.
900 4313 923 4361 P
947 4315 1156 4361 terrast.
1290 4313 1370 4360 31.
1407 4316 1563 4374 putes
1585 4316 1660 4360 ut.
