3025 4776
262 287 376 342 150

263 1697 372 1728 unte.
394 1686 436 1728 Β.
457 1686 493 1728 1.
515 1686 551 1730 1.
571 1687 637 1730 47.

1098 285 1165 359 ρ.
1211 286 1529 346 HORATI
1560 285 1851 344 FLAccz

680 442 1060 525 Numquam
1091 461 1473 526 erepsemus,
1504 441 1631 506 nisi
1659 463 1779 507 nos
1805 440 2016 507 vicina
2042 441 2278 506 Trivici

680 552 858 616 Villa
885 552 1222 636 recepisset
1251 553 1589 618 lacrimoso
1618 574 1750 618 non
1778 552 1915 617 sine
1944 553 2143 631 fum0,
2590 556 2677 616 80

683 662 866 726 Udos
896 683 1044 726 cum
1072 663 1243 727 foliis
1271 684 1485 727 ramos
1514 671 1743 728 urente
1773 662 2047 732 camino.

683 773 813 836 Hic
842 794 961 856 ego
990 772 1363 839 mendacem
1394 773 1811 838 stultissimus
1840 794 2044 857 usque
2072 772 2352 857 puellam

679 882 787 947 Ad
815 883 1092 947 mediam
1120 893 1377 949 noctem
1408 891 1742 969 exspect03
1788 906 2053 950 somnus
2081 892 2301 949 tamen
2332 884 2537 951 aufert

680 994 1021 1058 Intentum
1048 996 1264 1060 veneri
1289 1020 1306 1073 ;
1351 1002 1496 1060 tum
1525 995 1862 1060 immundo
1890 995 2138 1060 somnia
2164 994 2309 1059 visu

679 1105 1089 1171 Nocturnam
1116 1114 1360 1172 vestem
1389 1107 1717 1171 maculant
1745 1115 2161 1190 ventremque
2190 1105 2514 1189 supinum.
2590 1109 2670 1168 85

684 1216 982 1282 Quatuor
1009 1217 1161 1281 hinc
1189 1217 1476 1303 rapimur
1504 1218 1739 1301 viginti
1767 1225 1835 1282 et
1863 1218 2043 1282 milia
2070 1217 2263 1296 redis,

680 1325 980 1390 Mansuri
1007 1327 1326 1413 oppidulo,
1361 1328 1534 1411 quod
1560 1348 1749 1392 versu
1780 1328 1990 1391 dicere
2017 1346 2152 1390 non
2180 1332 2300 1405 est,

684 1435 901 1519 Signis
929 1437 1221 1522 perfacile
1253 1445 1351 1502 est
1380 1463 1393 1502 ε
1439 1438 1617 1502 venit
1645 1437 1948 1501 vilissima
1976 1457 2194 1501 rerum

688 1547 819 1610 Hic
850 1568 1034 1630 aqua,
1068 1548 1179 1612 sed
1206 1548 1390 1632 panis
1417 1547 1610 1631 longe
1638 1547 2126 1632 pulcherrimus,
2159 1546 2331 1610 ultra

685 1657 970 1722 Callidus
998 1664 1074 1721 ut
1103 1657 1303 1721 soleat
1330 1657 1571 1720 umeris
1599 1664 1854 1740 portare
1882 1656 2090 1719 viator
2111 1681 2131 1733 3
2589 1658 2676 1718 90

680 1769 857 1832 Nam
888 1768 1127 1832 Canusi
1154 1767 1498 1851 lapidosus,
1532 1788 1713 1850 aquae
1742 1788 1874 1831 non
1903 1766 2096 1831 ditior
2123 1786 2288 1829 urna

684 1877 817 1944 Qui
844 1877 1022 1941 locus
1050 1900 1090 1942 a
1115 1878 1271 1942 forti
1299 1876 1611 1941 Diomede
1642 1885 1740 1942 est
1768 1876 2064 1941 conditus
2092 1876 2269 1940 olim.

594 1973 600 1978 ¹
682 1987 1016 2052 Flentibus
1045 1986 1198 2050 hinc
1226 1986 1465 2051 Varius
1494 1986 1765 2051 discedit
1793 1995 2057 2051 maestus
2087 1986 2330 2051 amicis.

268 2550 352 2593 im.
373 2551 414 2594 8.
434 2552 471 2592 2.
491 2553 529 2593 3.
547 2553 586 2593 8.

263 2889 349 2920 ιοι.
371 2876 419 2918 0.
440 2876 476 2917 1.
497 2877 559 2918 34.
580 2878 618 2919 2,

259 3769 347 3820 qni,
370 3769 448 3821 Ep.
469 3770 506 3811 5.
528 3770 564 3811 1.

683 2095 849 2161 Inde
881 2094 1103 2160 Rubos
1132 2096 1280 2159 fessi
1306 2096 1733 2181 pervenimus,
1764 2102 1991 2182 utpote
2018 2097 2287 2180 longum

683 2207 1032 2289 Carpentes
1062 2205 1185 2270 iter
1212 2213 1278 2270 et
1306 2207 1552 2271 factum
1582 2207 1940 2292 corruptius
1968 2206 2184 2271 imbri.
2590 2210 2673 2271 95

679 2318 946 2382 Postera
973 2323 1317 2402 tempestas
1345 2318 1591 2397 melior,
1621 2318 1726 2382 via
1753 2318 1935 2404 pejor
1962 2317 2043 2381 ad
2069 2338 2274 2402 usque

680 2428 835 2491 Bari
863 2428 1102 2493 moenia
1128 2428 1359 2513 piscosi
1380 2454 1400 2507 3
1447 2428 1599 2493 dein
1630 2429 1871 2494 Gnatia
1897 2428 2179 2513 lymphis

679 2538 875 2602 Iratis
903 2546 1226 2603 exstructa
1255 2538 1431 2602 dedit
1458 2539 1748 2624 risusque
1770 2540 2096 2623 J'ocosque,

682 2650 861 2714 Dum
889 2648 1150 2713 flamma
1176 2649 1314 2714 sine
1343 2650 1539 2714 thura
1564 2650 1914 2732 liquescere
1942 2650 2167 2714 limine
2195 2670 2373 2715 sacro

680 2759 1069 2824 Persuadere
1099 2759 1297 2843 cupit.
1387 2760 1625 2825 Credat
1655 2762 1698 2825 J
1700 2761 1920 2826 udoeus
1948 2762 2200 2845 Apella,
2549 2762 2676 2823 100

679 2871 836 2934 Νοιι
865 2891 1021 2954 eg03
1067 2892 1345 2955 namque
1376 2871 1529 2935 deos
1559 2871 1753 2936 didici
1784 2894 2079 2937 securum
2110 2892 2296 2956 agere
2326 2892 2534 2937 aevum
2563 2897 2584 2948 3

678 2982 842 3060 Nec,
874 2982 929 3044 si
960 2982 1111 3064 quid
1140 2981 1288 3045 miri
1317 2982 1511 3046 faciat
1540 2990 1793 3061 natura,
1826 2983 1974 3047 deos
2004 2982 2071 3046 id

679 3092 919 3155 Tristes
949 3112 1026 3156 ex
1057 3093 1188 3156 alto
1218 3093 1356 3157 caeli
1386 3093 1732 3158 demittere
1762 3101 1957 3171 tecto,

679 3202 1101 3267 Brundisium
1131 3203 1338 3287 longae
1368 3204 1515 3267 finis
1546 3201 1907 3321 chartaeque
1935 3201 2178 3285 viaeque
2206 3209 2325 3266 est

1607 3588 1731 3651 v1.
1817 3446 2316 3751 Nffxssrffi&

677 3736 838 3801 Non
872 3736 1045 3820 quia,
1078 3734 1421 3813 Maecenas,
1454 3735 1783 3821 Lydorum
1815 3658 2126 3819 quidquid
2154 3736 2460 3800 Etruscos

679 3847 964 3912 Incoluit
992 3847 1174 3925 fines,
1357 3868 1396 3911 o
1428 3847 1792 3939 generosior
1822 3853 1920 3911 est
1950 3855 2036 3926 te,

676 3959 820 4023 Nec
849 3958 1022 4042 quod
1050 3868 1355 4023 avusffiffi
1382 3922 1710 4022 mR‘ernlm
1738 3958 1863 4023 fuit
1893 3965 2084 4041 atque
2112 3966 2416 4042 paternus

679 4070 855 4134 Olim
888 4069 999 4153 qui
1028 4069 1277 4153 magnis
1308 4069 1667 4153 legionibus
1695 4069 2156 4153 imperitarent,

678 4221 759 4270 86.
795 4222 983 4272 rhodis.
1120 4223 1200 4270 88.
1239 4221 1263 4269 ἒ
1287 4220 1600 4283 perfacilest.
1735 4224 1815 4270 92.
1855 4221 2220 4270 i'Diomedcst.
2354 4218 2433 4269 97.
2471 4219 2674 4268 dehinc.

1074 4288 1157 4336 99.
1192 4295 1328 4337 tura.
1464 4289 1578 4337 104.
1607 4291 1627 4337 P
1652 4289 1898 4349 visoqucst
1931 4308 1946 4345 3
1982 4294 2064 4335 ost
2088 4304 2179 4334 om.
2206 4287 2270 4334 αἱ.
