3025 4776
350 329 460 384 208

1190 328 1253 401 ρ.
1313 330 1629 387 HORATJ
1679 330 1964 387 FLAcol

777 493 884 556 Ne
914 491 1108 556 fueris
1136 492 1245 558 hic
1274 502 1369 557 tu.
1460 495 1849 578 Chlamydes
1879 495 2208 573 Lucullus,
2242 502 2316 559 ut
2346 496 2551 577 aiunt,
2685 505 2775 564 40

780 604 849 666 Si
881 612 1093 688 posset
1123 613 1382 669 centum
1413 626 1620 669 scenae
1651 605 1927 688 praebere
1957 613 2242 690 rogatus,

777 714 908 778 Qui
938 736 1196 797 possum
1228 722 1327 779 tot
1347 716 1377 777 P
1424 715 1555 795 ait3
1603 726 1822 780 tamen
1853 724 1919 780 et
1952 738 2232 800 quaeram
2263 725 2328 782 et
2352 728 2508 801 quot
2526 719 2777 784 habebo

752 823 1043 888 ‘Mittam
1069 852 1081 888 :
1131 833 1273 909 post
1300 827 1493 909 paulo
1524 827 1747 891 scribit
1777 827 1898 890 sibi
1929 828 2107 891 milia
2136 829 2418 912 quinque

772 937 929 999 Esse
959 936 1134 1000 domi
1164 936 1574 1022 chlamydum
1600 963 1612 1001 :
1661 947 1911 1021 partem
1942 939 2041 1001 vel
2071 939 2322 1003 tolleret
2353 962 2594 1004 omnes.
2643 931 2650 942 ’

771 1048 971 1110 Exilis
1002 1049 1228 1111 domus
1256 1055 1374 1125 est,
1406 1048 1520 1111 ubi
1549 1069 1682 1111 non
1712 1055 1776 1112 et
1806 1049 2012 1111 multa
2039 1058 2380 1133 supersunt
2683 1056 2769 1114 45

768 1160 854 1221 Et
885 1157 1217 1221 dominum
1247 1157 1480 1221 fallunt
1510 1165 1577 1222 et
1606 1167 1875 1241 prosunt
1904 1159 2175 1223 furibus.
2265 1161 2459 1242 ErgO,

768 1270 834 1331 Si
868 1290 968 1332 res
997 1269 1132 1332 sola
1159 1276 1369 1352 potest
1400 1269 1606 1332 facere
1636 1280 1700 1332 et
1729 1290 1973 1333 servare
2003 1270 2286 1348 beatum,

769 1381 915 1444 Hoc
945 1381 1186 1464 primus
1217 1388 1460 1463 repetas
1490 1402 1669 1464 opus,
1700 1381 1822 1444 hoc
1852 1389 2214 1464 postremus
2244 1384 2526 1446 omittas,

338 1520 427 1558 φρ.
450 1509 499 1548 E.
520 1510 557 1548 2.
578 1510 615 1548 2,
637 1509 724 1549 203.
769 1492 838 1554 Si
869 1491 1265 1554 fortunatum
1302 1491 1544 1574 species
1575 1498 1641 1554 et
1671 1492 1877 1573 gratia
1903 1500 2187 1575 praestat,

764 1603 1133 1666 Mercemur
1160 1625 1437 1680 servum,
1472 1602 1582 1684 qui
1615 1602 1815 1666 dictet
1845 1605 2124 1680 nomina,
2155 1605 2382 1668 laevum
2676 1608 2763 1668 50

330 1735 435 1774 pon·
460 1723 500 1764 8·
522 1723 557 1764 ¹·
578 1726 615 1764 3-
637 1724 700 1765 ⁷8-
766 1714 895 1780 Qui
927 1713 1162 1777 fodicet
1190 1714 1358 1776 latus
1388 1721 1453 1776 et
1484 1722 1670 1795 cogat
1702 1722 1878 1776 trans
1912 1715 2189 1796 pondera
2219 1715 2507 1778 dextram

764 1825 1116 1907 Porrigere.
1211 1824 1341 1886 Hic
1372 1824 1650 1886 multum
1682 1823 1751 1886 in
1785 1823 1982 1886 Fabia
2012 1825 2200 1901 valet,
2234 1825 2340 1889 ille
2373 1826 2605 1889 Velina
2633 1853 2647 1901 ;

761 1935 1043 1999 Cuilibet
1072 1935 1176 1998 hic
1205 1934 1404 1997 fasces
1434 1933 1612 1997 dabit
1641 1933 1989 2017 eripietque
2023 1935 2241 1998 curule

335 2071 730 2122 1m1›.13.2.2.1ss.
760 2048 883 2112 Cui
914 2046 1082 2110 volet
1110 2046 1516 2129 importunus
1546 2045 1722 2108 ebur.
1814 2045 2059 2123 Frater,
2096 2047 2303 2123 Pater,
2337 2046 2497 2110 adde
2524 2073 2538 2110 ε

762 2161 857 2223 Ut
887 2159 1114 2241 cuique
1145 2166 1242 2220 est
1273 2165 1447 2234 setas,
1482 2157 1575 2219 ita
1605 2177 1922 2238 quemque
1951 2156 2198 2219 facetus
2239 2157 2492 2240 adopta.
2672 2161 2755 2220 55

762 2271 855 2348 Si,
886 2269 1048 2333 bene
1079 2269 1187 2353 qui
1218 2275 1424 2345 cenat,
1457 2267 1619 2332 benc
1650 2267 1823 2344 vivit,
1856 2268 2050 2347 lucet
2083 2289 2303 2330 camus

334 2402 420 2449 001.
444 2402 483 2441 s
505 2404 541 2442 2
564 2405 599 2442 7
624 2401 728 2440 ιιι
718 2383 908 2451 ,Quo
938 2380 1115 2445 ducit
1146 2380 1337 2464 gula;
1386 2379 1722 2463 piscemur,
1755 2400 2079 2456 venemur,
2114 2390 2185 2441 ut
2215 2379 2370 2442 olim

562 2455 685 2492 2..40

328 2526 421 2577 pla.
446 2527 705 2567 E..461.18

708 2494 1107 2576 Gargilius,
1142 2492 1251 2576 qui
1282 2513 1472 2555 mane
1501 2491 1741 2575 plagas,
1774 2489 2107 2567 venabula,
2141 2511 2350 2553 servos

757 2605 1105 2668 Differtum
1136 2604 1406 2667 transire
1435 2603 1646 2665 forum
1679 2600 2108 2685 populumque
2132 2600 2424 2682 jubebat,

759 2718 946 2781 Unus
976 2725 1050 2779 ut
1079 2737 1114 2779 e
1146 2714 1366 2777 multis
1396 2712 1632 2797 populo
1663 2719 1990 2795 spectante
2021 2710 2285 2775 referret
2665 2713 2755 2774 60

331 2866 420 2895 m.
445 2855 485 2896 S.
508 2856 543 2895 1.
565 2857 601 2895 5.
624 2857 685 2895 ω.
755 2830 1065 2910 Emptum
1096 2825 1309 2888 mulus
1340 2844 1584 2907 aprum.
1678 2812 1875 2885 Crudi
1907 2821 2264 2904 tumidique
2298 2820 2603 2897 lavemur,

756 2938 928 3005 Quid
963 2937 1203 3013 deceat,
1239 2934 1392 3019 quid
1421 2956 1573 3011 non,
1607 2932 1815 3009 obliti,
1849 2933 2081 2995 Caerite
2113 2953 2256 2995 cera

755 3049 972 3132 Digni,
1006 3047 1343 3130 remigium
1376 3046 1672 3109 vitiosum
1708 3043 2065 3108 Ithacensis
2099 3044 2336 3120 Ulixei,

753 3161 874 3224 Cui
906 3158 1117 3243 potior
1145 3158 1352 3242 patria
1379 3157 1505 3219 fuit
1535 3155 1877 3218 interdicta
1915 3155 2225 3236 voluptas.

330 3304 453 3385 ung
470 3304 518 3343 E
533 3304 570 3343 2.
584 3304 621 3343 2
637 3303 723 3343 101
754 3272 847 3350 Si,
879 3271 1311 3335 Mimnermus
1344 3268 1438 3332 uti
1471 3273 1708 3342 censet,
1741 3264 1879 3327 sine
1909 3285 2125 3327 amore
2149 3263 2437 3345 jocisque
2662 3268 2748 3328 65

751 3384 866 3447 Nil
896 3390 994 3446 est
1016 3381 1397 3464 jucundum,
1430 3378 1602 3442 vivas
1633 3378 1701 3439 in
1734 3396 1947 3439 amore
1970 3375 2281 3458 jocisque.

320 3510 459 3549 τεῖνα-
479 3510 723 3551 8.2.⁶.110
753 3496 935 3570 Vive,
967 3494 1124 3557 vale.
1218 3492 1287 3555 Si
1317 3490 1473 3575 quid
1501 3487 1736 3553 novisti
1768 3487 2002 3550 rectius
2034 3486 2194 3561 istis,

327 3627 554 3668 can.E.1.
574 3630 613 3668 4.
635 3630 671 3669 1.

753 3605 1075 3671 Candidus
1104 3603 1360 3687 imperti
1384 3628 1403 3679 3
1436 3602 1490 3665 si
1512 3621 1664 3679 non,
1696 3599 1796 3662 his
1823 3605 2004 3662 utere
2036 3616 2309 3660 mecum.
2369 3584 2374 3589 ¹

1713 3965 1876 4027 VII.

745 4103 1074 4170 Qumoua·
1106 4097 1239 4160 dieo
1269 4097 1388 4160 tibi
1418 4096 1738 4179 pollicitus
1769 4118 1871 4158 me
1903 4117 2048 4159 rure
2083 4097 2390 4171 futurum,

744 4211 1051 4274 Sextilem
1083 4217 1291 4271 totum
1326 4207 1597 4270 mendax
1629 4207 1968 4270 desideror.
2061 4206 2262 4287 Atqui

898 4348 976 4393 51.
1013 4346 1192 4393 fodiat.
1330 4346 1409 4392 53.
1445 4346 1529 4391 cui
1554 4344 1697 4403 libet,
1725 4346 1785 4393 ie.
1924 4345 2002 4392 54.
2039 4343 2255 4391 cuilibet
2283 4344 2406 4405 imp.
2434 4344 2519 4389 ΗΖ.
2549 4344 2603 4389 Β.
