3025 4776
333 289 448 344 230

337 575 423 616 inv.
444 573 496 614 A.
520 573 567 614 P.
586 573 674 613 467.

342 1021 418 1064 tib.
439 1021 481 1063 S.
501 1022 538 1062 1.
557 1024 596 1062 6.
614 1023 666 1068 ὃς

342 1358 404 1399 23.
427 1346 471 1386 s.
491 1347 529 1386 2.
550 1346 588 1385 1.
606 1345 669 1386 ⁷⁸.

428 1396 478 1436 E.
499 1396 537 1436 1.
559 1396 620 1436 17.
640 1397 705 1437 35.

343 1470 430 1512 exi.
452 1469 494 1511 S.
514 1471 552 1510 2.
572 1471 611 1511 3.
632 1470 721 1510 ³00.

881 286 951 360 Q.
995 286 1314 344 HORATI
1366 285 1656 343 FLACCI
1709 285 1956 343 EPIST.
2012 285 2064 342 I.
2126 285 2280 343 xviii.

765 452 896 516 Qui
925 452 1092 515 male
1121 458 1451 535 parentem
1481 452 1551 514 in
1580 472 1772 535 rupes
1802 451 2114 535 protrusit
2144 452 2412 516 asellum

764 565 1015 628 Iratus:
1064 563 1206 646 quis
1234 563 1406 626 enim
1436 562 1713 625 invitum
1742 583 1989 626 servare
2018 562 2314 626 laboret?
2407 560 2414 566 ’

765 674 913 737 Hoc
944 694 1195 756 quoque
1225 680 1291 737 te
1320 680 1563 750 manet,
1595 680 1671 736 ut
1700 693 1930 756 pueros
1959 673 2280 737 elementa
2307 674 2644 738 docentem

763 786 1048 867 Occupet
1079 783 1379 847 extremis
1408 783 1477 845 in
1506 783 1665 846 ‘vicis
1695 782 1885 846 balba
1924 793 2237 848 senectus.

765 897 934 959 Cum
962 895 1013 958 ti
1022 895 1083 958 bi
1111 895 1206 958 sol
1237 894 1490 977 tepidus
1519 894 1735 977 plures
1765 894 2118 959 admoverit
2148 916 2352 974 aures,

765 1007 879 1070 Me
908 1005 1208 1070 libertino
1237 1014 1464 1068 natum
1493 1012 1674 1088 patre
1702 1012 1768 1069 et
1796 1005 1865 1068 in
1898 1005 2078 1069 tenui
2106 1027 2176 1069 re

766 1117 1049 1200 Majores
1078 1137 1320 1199 pennas
1349 1115 1501 1178 nido
1532 1115 1888 1180 extendisse
1916 1116 2216 1200 loqueris,

766 1231 883 1308 Ut,
916 1236 1230 1312 quantum
1260 1227 1477 1311 generi
1506 1227 1746 1307 demas,
1777 1228 2125 1293 virtutibus
2154 1228 2389 1294 addas:

766 1342 882 1404 Me
911 1339 1132 1424 primis
1162 1337 1363 1404 Urbis
1391 1338 1545 1402 belli
1575 1338 1887 1421 placuisse
1918 1338 2259 1422 domique3

767 1450 1066 1534 Corporis
1094 1449 1327 1532 exigui,
1358 1469 1748 1532 praecanum,
1779 1448 2018 1514 solibus
2048 1458 2291 1533 aptum,

767 1560 970 1625 Irasci
999 1560 1291 1638 celerem,
1322 1567 1544 1624 tamen
1571 1568 1647 1624 ut
1676 1559 2002 1644 placabilis
2032 1581 2260 1624 essem.

769 1673 961 1736 Forte
987 1692 1206 1735 meum
1236 1670 1290 1733 si
1321 1670 1462 1753 quis
1491 1677 1558 1734 te
1588 1670 2069 1754 percontabitur
2097 1690 2325 1747 aevum,

768 1786 884 1849 Me
914 1788 1139 1866 quater
1166 1781 1457 1845 undenos
1489 1781 1651 1845 sciat
1678 1780 2038 1864 implevisse
2069 1778 2467 1859 Decembris,

767 1895 1096 1977 Collegam
1127 1891 1444 1976 Lepidum
1478 1913 1606 1975 quo
1636 1890 1821 1954 duxit
1851 1891 2096 1956 Lollius
2126 1911 2317 1955 anno-

1538 2050 1622 2106 2'7.
1659 2053 1985 2105 Decembres.

2675 457 2756 516 15

2673 1009 2763 1070 20

2673 1564 2758 1626 25
