3025 4776
366 307 477 362 iso
1188 311 1253 385 Q.
1298 314 1615 372 HORATI
1645 316 1935 376 FLACCI

790 476 1103 561 Spiritum
1135 487 1201 544 et
1230 481 1549 547 incessum
1575 510 1589 548 :
1639 487 1751 568 qui
1779 486 2084 550 ridiculus
2115 488 2328 552 minus
2357 490 2468 556 illo
2491 493 2522 555 ?

785 588 896 650 An
930 589 1375 675 quodcumque
1403 593 1561 657 facit
1589 596 1935 676 Maecenas,
1967 606 2032 661 te
2064 620 2316 683 quoque
2345 622 2567 665 verum
2597 611 2696 667 est

360 719 446 748 cer-
470 707 743 752 E-1-18·8⁰·
786 699 1067 762 Tantum
1098 700 1472 767 dissimilem
1502 712 1569 768 et
1597 713 1784 770 tanto
1814 714 2058 772 certare
2088 710 2452 775 minorem?

784 809 1089 873 Absentis
1119 832 1292 877 ranae
1322 814 1512 896 pullis
1541 815 1728 879 vituli
1756 816 1915 900 pede
1945 820 2174 901 pressis

786 921 976 984 Unus
1003 921 1115 985 ubi
1144 922 1392 1006 effugit,
1424 927 1617 988 matri
1648 926 1967 1006 denarrat,
2000 939 2076 993 ut
2103 930 2331 1014 ingens
2650 938 2778 997 315
2877 935 2886 940 ’

784 1029 991 1093 Belua
1020 1040 1324 1115 cognatos
1355 1034 1630 1099 eliserit:
1678 1036 1790 1099 illa
1816 1058 2062 1120 rogare,

785 1142 1182 1206 Quantane?
1227 1143 1409 1207 Num
1439 1152 1721 1225 tantum,
1754 1149 2014 1212 sufflans
2044 1171 2132 1228 se,
2165 1172 2401 1234 magna
2427 1153 2650 1218 fuisset
2672 1157 2701 1217 Ρ

782 1250 1000 1333 Major
1029 1251 1315 1316 dimidio.
1408 1255 1593 1319 Num
1622 1258 1924 1320 tantum?
2017 1260 2184 1322 Cum
2215 1264 2418 1346 magis
2449 1271 2640 1347 atque

784 1363 865 1425 Se
896 1364 1100 1446 magis
1127 1364 1404 1443 inflaret,
1434 1367 1615 1444 Non,
1648 1367 1703 1430 si
1732 1375 1798 1431 te
1827 1371 2093 1452 ruperis,
2124 1370 2356 1454 inquit,

778 1473 905 1534 Par
934 1474 1076 1537 eris.
1169 1475 1333 1539 Haec
1364 1497 1402 1538 a
1428 1483 1494 1540 te
1523 1497 1655 1540 non
1686 1479 1964 1541 multum
1996 1480 2243 1544 abludit
2271 1483 2505 1565 imago.
2644 1487 2776 1547 320

777 1583 963 1646 Adde
993 1588 1290 1668 poemata
1318 1608 1511 1665 nunc,
1544 1588 1668 1651 hoc
1698 1597 1816 1667 est,
1849 1590 2062 1653 oleum
2092 1591 2252 1656 adde
2283 1594 2535 1657 camino
2557 1620 2577 1671 3

352 1711 449 1740 ⁸⁶¹·-
472 1699 522 1741 Α·
547 1700 592 1741 Ρ·
614 1701 701 1742 29⁰·
779 1693 942 1758 Quae
972 1694 1024 1757 si
1057 1696 1198 1777 quis
1227 1718 1418 1760 sanus
1447 1697 1625 1777 fecit,
1657 1721 1850 1763 sanus
1879 1700 2034 1763 facis
2064 1710 2129 1765 et
2158 1709 2254 1765 tu.

353 1815 446 1856 rab.
472 1815 521 1857 Β.
543 1817 580 1857 1.
600 1818 664 1859 2ο.
685 1818 747 1858 25.
775 1804 931 1865 Non
962 1803 1104 1868 dico
1133 1805 1520 1870 horrendam
1550 1808 1814 1873 rabiem.
1909 1812 1950 1874 J
1954 1833 2057 1874 am
2088 1812 2326 1877 desine.
2417 1815 2682 1877 Cultum

777 1912 1094 1994 Majorem
1125 1934 1339 1978 censu.
1432 1917 1701 1995 Tenens,
1733 1919 2142 2003 Damasippe,
2175 1920 2305 1984 tuis
2336 1929 2423 1985 te.

774 2029 959 2091 Mille
989 2030 1369 2112 puellarum,
1403 2053 1750 2114 puerorum
1780 2033 1954 2097 mille
1983 2035 2246 2098 furores.
2640 2040 2768 2100 325

773 2141 832 2202 O
870 2140 1072 2222 major
1100 2141 1364 2206 tandem
1395 2164 1636 2225 parcas,
1670 2144 1912 2223 insane,
1945 2145 2216 2209 minori!

1708 2530 1831 2593 IV.

770 2663 973 2725 Uxor.
1006 2670 1072 2725 et
1101 2683 1228 2746 quo
1259 2661 1482 2725 Catius
1502 2663 1532 2725 P
1623 2663 1780 2727 Non
1808 2670 1907 2727 est
1937 2663 2097 2727 mihi
2126 2671 2391 2748 tempus
2423 2665 2634 2729 aventi

768 2773 1015 2835 Ponere
1044 2772 1227 2855 signa
1255 2773 1435 2835 novis
1469 2774 1820 2856 praeceptis,
1855 2774 2068 2856 qualia
2095 2775 2363 2838 vincunt

344 2907 738 2958 Pyt.c.1.2s.14.
769 2883 1183 2965 Pythagoran
1211 2883 1541 2975 Anytique
1573 2904 1754 2946 reum
1785 2883 2169 2968 doctumque
2189 2886 2483 2950 Platona.

342 3020 703 3062 1aev.8.2.1.1e.
768 2995 1115 3056 Peccatum
1144 2992 1368 3070 fateor,
1402 3014 1552 3056 cum
1582 3000 1648 3056 te
1678 2993 1767 3055 sic
1796 3001 2084 3077 tempore
2113 2995 2272 3059 laevo

768 3104 1239 3187 Interpellarim
1265 3130 1284 3182 ς
1332 3104 1440 3166 sed
1472 3104 1583 3166 des
1616 3104 1865 3167 veniam
1896 3104 2102 3168 bonus
2131 3127 2266 3170 oro,
2726 3112 2765 3171 5

768 3214 1017 3279 Quodsi
1047 3214 1444 3277 interciderit
1474 3214 1595 3277 tibi
1623 3234 1798 3277 nunc
1828 3214 2090 3297 aliquid,
2123 3224 2371 3299 repetes
2399 3238 2569 3296 mox,

768 3324 916 3388 Sive
946 3331 1046 3388 est
1073 3332 1320 3388 naturae
1349 3324 1471 3387 hoc
1502 3324 1632 3387 sive
1663 3324 1837 3402 artis',
1871 3324 2071 3388 mirus
2115 3335 2412 3411 utroque.

767 3437 948 3503 Quin
976 3435 1044 3498 id
1074 3444 1210 3499 erat
1240 3457 1431 3515 curae,
1464 3457 1591 3518 quo
1620 3443 1808 3518 pacto
1839 3444 2073 3500 cuncta
2101 3444 2408 3519 tenerem,

766 3552 1011 3632 Utpote
1041 3538 1143 3610 res
1173 3556 1397 3611 tenues
1426 3548 1609 3611 tenui
1640 3568 1930 3611 sermone
1959 3557 2266 3632 peractas.

762 3660 900 3722 Ede
929 3658 1208 3721 hominis
1237 3677 1492 3736 nomen,
1526 3657 1719 3720 simul
1750 3665 1815 3721 et
1848 3660 2178 3722 Romanus
2209 3682 2291 3722 an
2320 3660 2570 3745 hospes.
2683 3667 2767 3727 10

767 3771 920 3851 Ipsa
948 3788 1194 3832 memor
1222 3775 1541 3851 praecepta
1570 3788 1817 3845 canam,
1851 3768 2164 3831 celabitur
2193 3777 2436 3834 auctor.

767 3883 992 3962 Longa
1022 3878 1253 3962 quibus
1281 3878 1475 3941 facies
1505 3879 1640 3943 ovis
1670 3879 1814 3955 erit,
1845 3878 1957 3941 illa
1986 3888 2334 3959 mementO,

763 3990 860 4053 Ut
890 3988 1027 4052 suci
1059 3987 1338 4051 melioris
1367 3994 1433 4051 et
1461 3995 1539 4050 ut
1567 3989 1772 4072 magis
1802 3989 1946 4052 alba
1974 3991 2287 4068 rotundis,

333 4123 436 4161 pon.
459 4110 499 4153 S-
520 4112 557 4152 2.
579 4111 615 4201 26
637 4111 693 4202 {g
708 4125 719 4159 ³
765 4102 1005 4165 Ponere
1031 4125 1044 4164 ε
1092 4120 1370 4182 namque
1397 4120 1644 4163 marem
1675 4100 1976 4164 cohibent
2006 4102 2238 4166 callosa
2267 4103 2579 4169 vitellum.

1137 4263 1251 4310 312.
1290 4260 1313 4308 Ρ
1338 4265 1586 4309 verumst.
1722 4263 1835 4309 313.
1873 4267 2019 4311 tanto
2044 4265 2361 4313 dissimilem.

1133 4331 1246 4376 322.
1282 4329 1421 4386 facit,
1447 4331 1500 4375 ct
1526 4341 1682 4376 sanus
1706 4328 1863 4377 facies
1890 4336 1963 4387 tu,
1995 4328 2099 4394 (Ο.)
2128 4330 2215 4378 ΗΖ.
2239 4330 2295 4378 Β.
