3025 4776
1020 336 1591 393 EPISTOLARUM
1664 336 1822 393 LIB.
1881 336 1934 394 I.
1995 335 2085 391 vii.
2646 337 2757 392 209

466 497 535 562 Si
568 519 671 561 me
701 497 910 562 vivere
940 498 1033 562 vis
1061 521 1288 563 sanum
1318 507 1616 583 recteque
1645 500 1986 577 valentem,

465 609 680 674 Quam
712 609 873 671 mihi
903 609 1016 673 das
1046 632 1238 693 aegrn,
1274 610 1453 674 dabis
1482 620 1792 694 aegrotare
1822 611 2098 688 timenti,

375 721 413 782 5
462 721 809 799 Maecenas,
841 721 1112 800 veniam,
1146 721 1302 784 dum
1332 723 1490 786 ficus
1520 723 1728 806 prima
1756 724 2053 805 calorque

463 829 954 912 Designatorem
987 829 1242 894 decorat
1270 829 1604 895 lictoribus
1634 832 1811 909 atris,
2133 898 2138 904 ,
2354 857 2395 902 ⁶.
2418 860 2458 901 s.
2479 863 2516 901 2.
2536 863 2574 902 o.
2597 862 2659 902 19.

462 940 637 1003 Dum
667 940 880 1024 pueris
910 940 1118 1004 omnis
1148 948 1330 1024 pater
1358 948 1423 1004 et
1455 943 1806 1005 matercula
1838 943 2050 1026 pallet,

463 1051 887 1134 Officiosaque
917 1052 1221 1115 sedulitas
1250 1060 1316 1116 et
1345 1053 1552 1134 opella
1580 1053 1849 1117 forensis
2354 1068 2432 1117 off-
2456 1068 2509 1158 ᾗ
2522 1069 2722 1159 &fg-‘1621-

461 1161 746 1225 Adducit
776 1162 985 1226 febres
1016 1170 1082 1226 et
1112 1170 1497 1226 testamenta
1521 1163 1825 1246 resignat.

340 1275 419 1335 10
466 1273 657 1339 Quod
686 1274 741 1336 si
767 1274 996 1338 bruma
1024 1273 1199 1336 nives
1228 1274 1500 1338 Albanis
1530 1275 1734 1339 illinet
1765 1276 1953 1358 agris,

464 1383 570 1447 Ad
599 1405 775 1447 mare
806 1383 1147 1447 descendet
1177 1391 1353 1447 vates
1384 1391 1535 1446 tuus
1566 1391 1632 1447 et
1661 1384 1780 1448 sibi
1811 1393 2026 1467 parcet
2356 1413 2456 1444 oar.
2479 1403 2521 1444 s,
2546 1403 2581 1442 1.
2603 1404 2639 1442 4.
2663 1403 2751 1441 127.

462 1497 973 1577 contractusque
1001 1495 1172 1578 leget
1189 1521 1209 1573 3
1257 1502 1341 1572 te,
1376 1494 1579 1557 dulcis
1610 1494 1831 1572 amice,
1864 1497 2092 1561 reviset

464 1607 629 1670 Cum
661 1605 988 1689 Zephyris,
1022 1606 1075 1669 si
1108 1605 1433 1683 concedes,
1468 1614 1534 1668 et
1563 1606 1907 1670 hirundine
1941 1608 2166 1689 prima.

462 1716 638 1794 Non,
671 1738 799 1799 quo
828 1736 1005 1779 more
1035 1716 1188 1800 piris
1217 1716 1383 1779 vesci
1413 1716 1684 1780 Calaber
1703 1716 1893 1800 jubet
1922 1718 2167 1802 hospes,

339 1826 415 1886 15
462 1827 561 1889 Tu
590 1847 693 1889 me
725 1826 929 1890 fecisti
960 1827 1364 1910 locupletem.
1456 1827 1731 1889 Vescere
1761 1826 1964 1890 sodes.

463 1938 504 2000 J
508 1958 613 1999 am
642 1936 798 1999 satis
828 1944 944 2000 est.
1035 1939 1128 2001 At
1157 1943 1230 1998 tu
1261 1943 1575 2019 quantum
1603 1936 1697 1999 vis
1728 1937 1901 2001 tolle.
1977 1938 2301 2020 Benigne.

462 2046 617 2109 Non
647 2045 850 2108 invisa
878 2046 1042 2109 feres
1071 2045 1282 2129 pueris
1313 2046 1697 2109 munuscula
1727 2047 1951 2129 parviS.

461 2156 619 2219 Tam
651 2163 875 2218 teneor
903 2153 1089 2232 dono,
1127 2177 1316 2238 quam
1348 2156 1400 2218 si
1432 2156 1721 2219 dimittar
1751 2165 2039 2220 onustus.

464 2269 559 2331 Ut
587 2267 748 2330 libet
769 2293 789 2346 3
836 2267 973 2330 haec
1004 2267 1211 2349 porcis
1241 2266 1428 2330 hodie
1460 2267 1852 2331 comedenda
1879 2268 2216 2353 relinques.

332 2380 419 2441 20
466 2378 779 2463 Prodigus
810 2386 875 2441 et
904 2378 1141 2442 stultus
1172 2377 1390 2456 donat,
1424 2400 1564 2461 quae
1594 2379 1835 2463 spernit
1864 2386 1929 2442 et
1959 2379 2131 2456 odit;

466 2490 627 2552 Haec
656 2496 834 2572 seges
863 2489 1147 2569 ingratos
1179 2489 1330 2551 tulit
1361 2497 1426 2553 et
1456 2489 1620 2552 feret
1649 2489 1948 2553 omnibus
1978 2491 2181 2553 annis.

462 2600 583 2662 Vir
612 2600 818 2664 bonus
849 2608 914 2663 et
943 2600 1191 2683 sapiens
1221 2600 1432 2682 dignis
1463 2601 1552 2663 ait
1581 2621 1715 2663 esse
1744 2609 2023 2684 paratuS,
2356 2622 2445 2672 am.
2469 2623 2509 2664 S.
2531 2623 2565 2663 1.
2586 2625 2624 2663 o.
2644 2624 2707 2664 51.

462 2712 604 2775 Nec
636 2719 854 2775 tamen
886 2712 1159 2794 ignorat,
1194 2711 1347 2793 quid
1379 2710 1621 2774 distent
1652 2732 1778 2775 aera
1806 2712 2040 2795 lupinis
2065 2736 2080 2778 ἐ

464 2824 752 2905 Dignum
783 2822 1097 2906 praestabo
1131 2843 1233 2884 me
1263 2821 1455 2886 etiam
1489 2843 1606 2904 pro
1633 2822 1824 2885 laude
1854 2826 2174 2887 merentis.

334 2939 417 2998 25
467 2934 659 3001 Quod
689 2935 739 2997 si
772 2955 875 2997 me
907 2933 1083 2996 noles
1116 2953 1385 3015 usquam
1417 2932 1760 3011 discedere,
1792 2934 2017 2998 reddes

465 3048 658 3111 Forte
689 3046 879 3123 latus,
909 3046 1126 3127 nigros
1157 3051 1429 3125 angusta
1457 3043 1667 3108 fronte
1699 3045 1977 3127 capillos,

465 3156 716 3220 Reddes
746 3156 928 3218 dulce
958 3154 1153 3238 loqui,
1186 3153 1411 3217 reddes
1442 3153 1646 3217 ridere
1676 3154 1973 3219 decorum
2005 3166 2072 3219 ct

463 3269 648 3331 Inter
676 3267 824 3329 vina
852 3266 1069 3348 fugam
1105 3266 1354 3328 Cinarae
1386 3285 1645 3328 maerere
1676 3274 2002 3347 protervae.

464 3381 654 3444 Forte
684 3400 797 3463 per
825 3386 1167 3461 angustam
1199 3377 1412 3440 tenuis
1443 3377 1771 3460 volpecula
1800 3378 2028 3441 rimam

334 3494 421 3555 30
468 3492 775 3574 Repserat
805 3491 871 3553 in
904 3511 1229 3553 cumeram
1262 3489 1588 3566 frumenti,
1624 3496 1926 3572 pastaque
1955 3512 2172 3554 rursus

462 3602 569 3665 Ire
598 3602 768 3665 foras
800 3601 983 3684 pleno
1014 3600 1321 3663 tendebat
1353 3621 1611 3683 corpore
1641 3600 1878 3663 frustra
1900 3627 1917 3679 3

463 3713 585 3777 Cui
616 3712 890 3775 mustela
918 3711 1158 3795 procul,
1196 3712 1266 3773 Si
1296 3712 1408 3788 vis,
1443 3711 1556 3789 ait,
1588 3710 1866 3794 effugere
1895 3713 2105 3790 istinc,

462 3822 690 3886 Macra
719 3843 945 3885 cavum
973 3829 1219 3905 repetes
1251 3830 1482 3898 artum,
1518 3842 1708 3903 quem
1738 3844 1952 3886 macra
1994 3826 2241 3891 subisti.

464 3934 610 3997 Hac
639 3954 759 4016 ego
789 3932 843 3996 si
876 3933 1219 4016 compellor
1247 3932 1552 4013 imagine,
1583 3942 1815 3997 cuncta
1845 3936 2095 4017 resigno
2119 3964 2136 4012 ;
2363 3970 2447 4003 res.
2470 3964 2517 4003 e.
2539 3967 2576 4003 3.
2597 3965 2659 4003 κο.
2680 3964 2743 4001 54.

332 4047 414 4107 35
463 4045 604 4108 Nec
635 4067 932 4108 somnum
965 4044 1168 4128 plebis
1198 4043 1386 4106 laudo
1417 4027 1597 4107 satur
1628 4045 1924 4124 altilium,
1956 4068 2076 4110 neo

464 4155 620 4219 Otia
648 4155 884 4217 divitiis
918 4155 1203 4218 Arabum
1235 4154 1560 4217 liberrima
1590 4164 1792 4219 mut0.

336 4294 381 4338 3.
420 4292 494 4338 vis
519 4298 762 4353 recteque
791 4294 961 4341 videre
988 4294 1262 4340 valentem.
1320 4357 1332 4400 1
1369 4291 1446 4337 16.
1474 4294 1835 4402 lquantunu·i13.
1953 4296 2029 4342 18.
2068 4295 2336 4341 honustus.

1132 4358 1210 4403 29.
1251 4372 1316 4401 vu
1339 4371 1468 4415 pecu
1491 4374 1536 4404 ιι.
