3025 4776
271 929 353 989 55

264 1481 352 1543 60

264 2031 348 2093 65

257 4169 344 4229 10

1235 319 1574 377 EPODON
1647 319 1773 377 III.

438 483 508 548 Si
541 505 699 566 quos
731 483 886 548 Eois
917 484 1212 547 intonata
1242 485 1544 549 fluctibus

525 594 799 677 Hiemps
830 593 909 656 ad
938 594 1060 658 hoo
1090 601 1298 657 vertat
1327 615 1503 657 mare
1529 621 1546 671 ;

435 704 593 766 Non
622 703 783 766 Afra
813 704 943 767 avis
974 702 1314 768 descendat
1345 704 1414 766 in
1442 713 1734 769 ventrem
1762 726 2001 784 meum,

526 815 681 877 Non
712 820 971 896 attagen
1001 815 1260 878 Ionicus

446 927 488 990 J
492 925 821 1002 uounffior,
856 947 1050 1008 quam
1081 927 1246 989 lecta
1277 925 1355 989 de
1383 926 1820 1009 pinguissimis

525 1036 713 1099 Oliva
740 1036 934 1098 ramis
965 1035 1287 1111 arborum,

438 1148 577 1210 Aut
607 1146 804 1209 herba
833 1145 1075 1228 lapathi
1102 1152 1290 1228 prata
1312 1145 1606 1222 amantis,
1640 1152 1705 1208 et
1736 1146 1912 1227 gravi

524 1257 759 1319 Malvae
786 1256 1071 1319 salubres
1102 1256 1369 1338 corpori,

438 1368 562 1431 Vel
592 1389 758 1450 agna
784 1367 963 1431 festis
995 1388 1156 1431 caesa
1184 1366 1676 1444 TerminalibuS,

467 1540 471 1543 ,
524 1479 649 1541 Vel
677 1478 900 1542 haedus
930 1485 1185 1561 ereptus
1217 1477 1388 1560 lupo,

441 1589 580 1652 Has
599 1589 780 1661 ,inter
809 1589 1047 1671 epulas,
1080 1590 1363 1672 ut‘juvat
1393 1596 1605 1671 pastas
1633 1609 1780 1652 oves

521 1692 759 1764 Videre
787 1708 1195 1783 properantes
1227 1700 1489 1764 domum
1521 1701 1534 1763 !

436 1808 672 1873 Videre
700 1809 898 1873 fessos
927 1829 1247 1873 vomerem
1278 1809 1602 1872 inversum
1632 1808 1822 1874 boves

523 1921 706 1985 Collo
735 1920 1062 1984 trahentes
1090 1920 1432 2003 languido!

438 2030 814 2115 Positosque
844 2052 1091 2107 vernas,
1124 2030 1274 2094 ditis
1302 2050 1569 2094 examen
1599 2030 1847 2107 domus,

523 2141 783 2205 Circum
813 2140 1177 2203 renidentes
1209 2142 1405 2204 Lares
1434 2141 1497 2203 !'’

440 2253 600 2316 Haeo
629 2251 741 2316 ubi
771 2252 1023 2315 locutus
1052 2251 1369 2315 fenerator
1400 2251 1625 2328 Alfius,

523 2365 564 2428 J
570 2386 669 2426 am
695 2364 834 2447 jam
863 2362 1120 2440 futurus
1147 2363 1444 2442 rusticus,

438 2475 718 2538 Omnem
748 2474 996 2557 redegit
1025 2475 1251 2538 Idibus
1279 2476 1709 2558 pecuniam—

523 2586 774 2653 Quaerit
806 2584 1115 2649 Kalendis
1145 2605 1397 2667 ponere.

1196 3022 1333 3086 111.

435 3170 780 3233 Paulinus
810 3169 964 3232 olim
996 3171 1050 3233 si
1083 3171 1225 3254 quis
1247 3170 1444 3254 impia
1473 3192 1673 3234 manu

523 3281 734 3344 Senile
764 3290 990 3364 guttur
1018 3282 1295 3364 fregerit,

434 3391 587 3455 Edit
616 3393 841 3456 cicutis
872 3394 1068 3455 alium
1098 3393 1451 3456 nocentius,

521 3504 580 3566 Ο
612 3503 772 3566 dura
801 3525 1151 3568 messorum
1178 3505 1288 3567 ilia
1316 3505 1328 3566 !

436 3611 609 3680 Quid
640 3614 761 3677 hoc
793 3615 1018 3678 veneni
1049 3615 1228 3677 saevit
1256 3615 1326 3677 in
1355 3613 1764 3697 praecordiis'?

522 3725 704 3787 Num
734 3725 1053 3808 viperinus
1082 3725 1182 3789 his
1214 3747 1401 3788 cruor

436 3834 739 3898 Ineoctus
769 3835 984 3899 herbis
1012 3858 1115 3899 me
1145 3836 1369 3899 fefellit
1391 3837 1420 3897 ?
1467 3858 1550 3900 an
1581 3837 1779 3899 malas

520 3945 790 4008 Canidia
818 3947 1116 4008 tractavit
1146 3946 1337 4028 dapes
1360 3948 1390 4008 ’.Ρ

437 4057 532 4119 Ut
562 4058 971 4139 Argonautas
1001 4064 1231 4139 praeter
1259 4076 1479 4120 omnes
1509 4057 1852 4121 candidum

520 4166 757 4230 Medea
783 4167 1015 4229 mirata
1044 4173 1142 4228 est
1173 4165 1421 4244 ducem,

607 4328 687 4376 69.
726 4330 925 4390 relogit·.
1129 4329 1175 4374 3.
1212 4328 1401 4374 allium.
1541 4331 1617 4376 10.
1657 4330 1678 4376 Ρ
1719 4331 1969 4378 miratast.

2577 322 2688 377 113

2285 1174 2374 1225 lap.
2397 1174 2438 1215 S.
2458 1175 2495 1214 2.
2517 1177 2553 1216 4.
2575 1177 2636 1215 29.

2284 1821 2347 1869 ⁶3.
2369 1819 2416 1860 C.
2436 1821 2473 1860 3.
2492 1822 2529 1860 6.
2553 1821 2622 1863 4:3-

2284 2059 2370 2089 σον.
2393 2048 2433 2089 S.
2455 2049 2492 2089 2.
2511 2050 2549 2089 6.
2569 2051 2634 2090 66.

2283 3205 2320 3236 1.
2342 3193 2389 3233 C.
2411 3194 2446 3234 2.
2470 3195 2529 3234 13.
2550 3196 2587 3235 5.

2283 3850 2366 3889 inc.
2390 3849 2431 3888 8.
2453 3850 2491 3888 2.
2512 3851 2548 3888 8.
2571 3849 2634 3889 52.

2283 3967 2370 4005 era.
2392 3965 2439 4005 C.
2459 3966 2497 4005 2.
2519 3965 2579 4004 13.
2600 3964 2638 4003 9.

2285 4191 2380 4231 mir.
2403 4191 2450 4232 C.
2473 4193 2507 4229 4.
2529 4192 2566 4228 9.
2589 4188 2650 4226 15.
