3025 4776
1191 306 1254 379 ρ.
1304 308 1617 364 HORATJ
1651 307 1939 366 FLACCJ

823 470 1259 555 Quaecumque
1288 473 1538 556 excepit
1566 474 1886 556 turgentis
1916 473 2175 538 verbera
2206 475 2447 555 caudis,

821 582 1133 647 Clunibus
1165 591 1277 646 aut
1308 585 1573 666 agitavit
1603 606 1838 668 equum
1868 585 2101 648 lasciva
2145 587 2469 670 supinum,
2734 592 2820 652 50

818 692 1113 756 Dimittit
1143 714 1350 776 neque
1380 694 1696 757 famosum
1726 716 1934 778 neque
1964 696 2329 774 sollicitum3
2361 718 2445 761 ne

819 804 1031 868 Ditior
1059 813 1171 868 aut
1200 804 1421 868 formae
1450 806 1729 869 melioris
1759 807 1956 870 meiat
1984 806 2229 870 eodem.

816 916 916 978 Tu
946 935 1090 978 cum
1122 915 1423 998 projectis
1452 916 1828 998 insignibus,
1863 918 2054 981 anulo
2084 919 2361 1001 equestri

818 1026 1238 1109 Romanoque
1267 1025 1514 1105 habitu,
1547 1027 1763 1111 prodis
1793 1049 1866 1091 ex
1893 1028 2109 1112 judice
2139 1030 2351 1092 Dama

812 1137 1065 1219 TurpiS‚
1099 1137 1434 1201 odoratum
1465 1146 1657 1221 caput
1687 1139 2068 1203 obscurante
2098 1140 2367 1218 lacerna,
2730 1146 2811 1205 55

813 1249 969 1312 Non
999 1270 1066 1312 es
1098 1249 1269 1332 quod
1298 1250 1561 1312 simulas
1586 1250 1615 1311 Ῥ
1705 1251 2010 1314 Metuens
2039 1251 2359 1315 induceris
2390 1260 2581 1335 atque

814 1360 1186 1425 Altercante
1213 1361 1583 1424 libidinibus
1612 1362 1834 1424 tremis
1866 1383 2010 1425 ossa
2036 1384 2284 1447 pavore.

816 1471 990 1537 Quid
1021 1472 1234 1550 refert,
1265 1472 1389 1550 uri,
1422 1472 1613 1555 virgis
1641 1471 1931 1556 ferroque
1958 1474 2175 1537 necari

813 1585 1205 1648 Auctoratus
1237 1606 1362 1662 eas,
1396 1607 1479 1648 an
1508 1585 1683 1669 turpi
1714 1585 1964 1649 clausus
1992 1587 2061 1649 in
2093 1608 2258 1664 arca,

814 1699 961 1763 Quo
990 1705 1056 1760 te
1087 1698 1340 1761 demisit
1369 1698 1612 1782 peccati
1643 1699 1895 1761 conscia
1923 1699 2114 1775 erilis,
2722 1703 2809 1765 60

808 1807 1234 1872 Contractum
1264 1809 1535 1890 genibus
1564 1817 1790 1891 tangas
1822 1823 2013 1892 caput
2032 1810 2061 1870 ¹?
2148 1810 2351 1873 Estne
2381 1811 2611 1874 marito

810 1920 1133 1983 Matronae
1164 1919 1483 2002 peccantis
1512 1920 1579 1981 in
1611 1918 1800 1982 ambo
1824 1918 2002 2000 justa
2043 1920 2370 2002 potestas?

810 2032 893 2094 In
924 2039 1359 2113 corruptorem
1388 2029 1487 2092 vel
1510 2029 1764 2111 justior.
1856 2029 1981 2091 Illa
2011 2037 2229 2092 tamen
2259 2050 2327 2093 se

807 2142 962 2204 Non
993 2139 1221 2203 habitu
1252 2148 1535 2202 mutatve
1564 2139 1725 2215 loco,
1757 2151 2051 2222 peccatve
2081 2161 2367 2223 superne.

808 2250 975 2313 Cum
1009 2259 1072 2314 te
1101 2251 1402 2314 formidet
1436 2249 1666 2312 mulier
1693 2271 1901 2332 neque
1932 2251 2150 2314 credat
2181 2251 2443 2330 amanti,
2716 2257 2799 2316 65

807 2362 943 2426 Ibis
974 2362 1091 2426 sub
1122 2362 1367 2426 furcam
1398 2361 1677 2446 prudens
1707 2360 2090 2444 dominoque
2130 2360 2367 2424 furenti

806 2475 1188 2541 Committes
1217 2496 1351 2538 rem
1386 2495 1643 2537 omnem
1674 2480 1740 2536 et
1773 2473 1965 2534 vitam
1997 2480 2063 2535 et
2091 2493 2238 2534 cum
2257 2493 2516 2556 corpore
2540 2473 2798 2536 famam.

803 2589 1023 2653 Evasti
1050 2596 1065 2651 ἐ
1115 2586 1324 2663 credo,
1355 2591 1603 2647 metues
1632 2583 1984 2665 doctusque
2014 2581 2261 2645 cavebis
2283 2608 2303 2660 3

807 2701 1071 2766 Quaeres
1103 2696 1356 2780 quando
1386 2695 1622 2759 iterum
1652 2715 1878 2777 paveas
1908 2694 2266 2775 iterumque
2295 2694 2500 2776 perire

806 2811 1039 2887 Possis,
1070 2831 1110 2873 o
1139 2809 1377 2873 totiens
1406 2828 1623 2871 servus
1652 2807 1666 2869 !
1764 2807 1928 2872 Quae
1958 2805 2148 2868 belua
2178 2806 2380 2889 ruptis
2716 2812 2802 2873 70

754 2984 761 2989 .
806 2923 975 2986 Cum
1005 2921 1202 2985 semel
1232 2919 1477 3001 effugit,
1511 2917 1721 2981 reddit
1750 2938 1816 2980 se
1846 2938 2039 2999 prava
2068 2917 2363 2979 catenis?

394 306 507 360 192

391 1723 485 1753 eon.
509 1713 549 1753 S.
573 1715 609 1754 1.
631 1714 669 1754 2.
694 1715 780 1755 130.

375 3186 437 3230 7³-
458 3177 509 3220 E.
532 3177 568 3219 l.
590 3178 650 3219 16.
673 3180 735 3220 53.

803 3037 959 3100 Non
983 3056 1127 3097 sum
1158 3032 1467 3108 moechus,
1495 3032 1588 3094 ais
1612 3057 1630 3108 3
1677 3051 1884 3113 neque
1908 3051 2046 3113 eg0‚
2072 3030 2348 3108 hercule,
2367 3030 2492 3108 fur,
2518 3031 2629 3094 ubi
2652 3054 2801 3096 vasa

802 3147 1124 3209 Praetereo
1153 3144 1402 3226 sapiens
1434 3150 1735 3225 argentea
1761 3168 1773 3203 :
1824 3142 1976 3205 tolle
2007 3141 2332 3224 periclum,

803 3260 843 3321 J
847 3279 951 3320 am
982 3278 1141 3339 vaga
1169 3255 1453 3337 prosiliet
1483 3252 1681 3315 frenis
1713 3261 1944 3315 natura
1972 3252 2254 3315 remotis.

797 3371 978 3433 Tune
1009 3366 1171 3430 mihi
1203 3365 1520 3440 dominus,
1553 3383 1768 3425 rerum
1798 3362 2079 3445 imperiis
2108 3362 2572 3445 hominumque
2714 3368 2797 3428 '75

797 3480 922 3543 Tot
950 3478 1275 3558 tantisque
1307 3475 1539 3550 minor,
1573 3492 1762 3555 quem
1793 3479 1894 3534 ter
1923 3471 2203 3534 vindicta
2232 3480 2583 3554 quaterque

798 3588 1114 3673 Imposita
1144 3585 1317 3649 haud
1352 3604 1660 3668 umquam
1689 3582 1923 3644 misera
1951 3581 2290 3645 formidine
2321 3581 2524 3663 privet
2548 3584 2577 3644 Ρ

795 3702 982 3767 Adde
1013 3719 1203 3782 super
1232 3695 1421 3759 dictis
1454 3694 1626 3777 quod
1657 3714 1787 3755 non
1816 3692 2015 3755 levius
2044 3692 2249 3755 valeat
2276 3718 2289 3755 :
2337 3714 2490 3755 nam

800 3814 944 3877 Sive
975 3810 1244 3874 vicarius
1275 3816 1391 3884 est,
1426 3807 1538 3889 qui
1569 3826 1747 3868 servo
1778 3803 2144 3887 paret—uti
2175 3824 2314 3867 mos

795 3925 1028 3987 Vester
1058 3922 1349 3983 ait—seu
1381 3937 1721 3981 conservus
1745 3941 1763 3992 3
1811 3914 1932 3977 tibi
1964 3912 2117 3996 quid
2147 3934 2291 3975 sum
2321 3913 2490 3997 ego?
2536 3913 2796 3996 Nempe

793 4037 916 4111 Tu,
949 4032 1108 4095 mihi
1141 4030 1248 4113 qui
1280 4028 1629 4112 imperitas,
1665 4024 1772 4087 alii
1803 4024 1997 4087 servis
2029 4024 2223 4085 miser
2252 4031 2443 4107 atque
2707 4028 2789 4088 81

792 4142 1063 4208 Duceris
1094 4150 1165 4204 ut
1196 4140 1403 4203 nervis
1434 4137 1657 4201 alienis
1688 4136 1922 4199 mobile
1951 4136 2221 4216 lignum.

1452 4310 1533 4358 60.
1571 4308 1762 4356 livrilis.
1898 4307 1976 4355 81.
2013 4305 2143 4354 aliis,
