3025 4776
382 285 454 343 70

373 1532 434 1561 υ.
456 1519 504 1560 0.
520 1522 559 1561 8.
580 1520 617 1560 l.
641 1520 680 1561 2.

372 1661 433 1699 ¹3·
454 1647 502 1688 C.
522 1649 561 1689 8.
581 1650 620 1688 8.
641 1648 679 1687 9.

369 1763 456 1804 eti.
477 1762 528 1804 Β.
550 1762 587 1805 1.
608 1764 644 1803 Β.
669 1764 729 1803 18.

369 1885 431 1930 15.
453 1877 502 1919 c.
522 1880 560 1919 4.
582 1879 645 1920 15.
667 1879 729 1920 1⁷.
822 1912 831 1921 .

369 2125 699 2177 17.0.2.3.1³.
782 2188 785 2189 ⁷

365 2241 463 2284 due.
486 2241 536 2283 Ε.
557 2243 595 2284 l.
615 2243 653 2284 2.
673 2242 712 2285 7.

367 2459 446 2499 tu.
467 2456 518 2498 0.
538 2458 577 2499 8.
596 2458 660 2499 81.
681 2461 720 2500 4.

369 2597 431 2647 n.
453 2605 643 2666 0.2.11.
663 2606 728 2648 22.

602 3248 652 3387 ΞΞΞ

655 3329 683 3389 o·-
655 3279 665 3289 .

1197 286 1263 358 Q.
1308 287 1627 345 HORATJ
1655 288 1947 347 FLAocz
2005 328 2018 335 κ

1062 455 1278 519 Caesar
1309 455 1604 537 Hispana
1629 457 1863 540 repetit
1896 458 2167 521 Penates

1403 566 1635 629 Victor
1664 566 1744 631 ab
1774 587 1908 632 ora.

1059 699 1275 763 Unico
1305 698 1590 782 gaudens
1618 700 1850 763 mulier
1875 702 2110 765 marito

1056 808 1357 888 Prodeat,
1381 809 1577 892 justis
1606 823 1867 894 operata
1895 812 2129 890 sacri83

1056 920 1145 983 Et
1173 941 1352 984 soror
1380 920 1537 984 clari
1561 920 1763 1000 (lucie,
1795 929 1860 985 et
1891 921 2134 988 decorae

1406 1031 1707 1115 Supplice
1738 1031 1901 1095 vitta

1055 1165 1402 1248 Virginum
1432 1172 1669 1229 matres
1671 1213 1692 1243 ‚
1716 1166 2156 1250 juvenumque
2185 1188 2389 1252 nuper

1058 1267 1407 1358 Sospitumss
1497 1275 1635 1354 Vos
1666 1295 1706 1338 o
1735 1276 1938 1359 pueri,
1971 1284 2039 1340 et
2068 1278 2298 1360 puellae

924 1414 929 1419 ’
1057 1384 1097 1447 J
1103 1404 1208 1446 am
1235 1383 1445 1479 virum
1475 1390 1771 1466 expertae,
1805 1385 1974 1449 male
2004 1387 2307 1451 ominatis

1406 1495 1659 1559 Parcite
1689 1494 1920 1559 verbis·

1059 1630 1192 1694 Hic
1222 1630 1356 1693 dies
1385 1650 1532 1693 vere
1562 1630 1722 1694 mihi
1751 1630 1956 1695 festus
1987 1639 2157 1696 atras

1052 1739 1310 1803 Eximet
1339 1759 1563 1803 curas:
1612 1759 1731 1821 ego
1760 1760 1879 1803 nec
1911 1742 2285 1821 tumultum,

1052 1850 1195 1913 Nec
1223 1849 1386 1913 mori
1414 1869 1529 1932 per
1555 1848 1687 1912 vim
1717 1860 2026 1930 metuam,
2057 1859 2321 1917 tenente

1398 1965 1647 2027 Caesare
1675 1971 1898 2028 terras.

1050 2101 1113 2179 I,
1144 2107 1291 2183 pete
1318 2106 1750 2183 unguentum,
1780 2121 1959 2185 puer,
1991 2108 2058 2167 et
2087 2122 2372 2183 coronas,
2436 2073 2441 2078 Δ

1051 2213 1141 2276 Et
1170 2209 1402 2275 cadum
1432 2210 1641 2274 Marsi
1669 2231 2020 2276 memorem
2048 2213 2270 2293 duelli,

1054 2324 1433 2407 Spartacum
1464 2321 1520 2385 si
1551 2343 1679 2406 qua
1704 2322 1919 2406 potuit
1948 2333 2287 2409 vagantem

1400 2435 1645 2499 Fallere
1674 2441 1863 2501 testa.

1049 2568 1175 2632 Dic
1204 2575 1270 2632 et
1299 2575 1544 2651 argutae
1572 2577 1869 2652 properet
1896 2569 2147 2636 Neaerae

1051 2681 1391 2745 Murreum
1421 2681 1591 2746 nodo
1620 2681 1915 2747 cohibere
1944 2684 2187 2749 crinem
2214 2711 2229 2750 ε

1054 2791 1125 2855 Si
1152 2811 1267 2876 per
1293 2791 1573 2855 invisum
1603 2812 1784 2855 mora
1805 2791 2154 2876 janitorem

1395 2902 1560 2981 Fiet,
1595 2901 1788 2967 abito·

1050 3035 1246 3100 Lenit
1274 3035 1596 3101 albescens
1625 3037 1870 3102 animos
1900 3039 2167 3123 capillus

1049 3146 1297 3211 Litium
1326 3153 1393 3210 et
1420 3147 1576 3211 rixae
1605 3146 1866 3230 cupidos
1895 3157 2206 3231 protervae
2233 3174 2248 3213 z

1048 3258 1206 3323 Non
1234 3279 1351 3342 ego
1377 3257 1502 3322 hoc
1530 3257 1762 3321 ferrem
1793 3257 2037 3323 calidus
2057 3260 2350 3344 juventa,

1394 3367 1671 3433 Consule
1700 3368 1962 3433 Planco.

1717 3795 1868 3860 XV.

962 3939 1161 4003 Uxon
1189 3938 1483 4023 pauperis
1514 3939 1724 4024 Ibyci,

1046 4049 1332 4115 Tandem
1360 4050 1666 4133 nequitiae
1694 4051 1819 4133 fige
1848 4050 2113 4145 modum
2143 4057 2299 4130 tuoe,

1349 4277 1666 4324 Mun-heum.
1869 4289 1952 4326 xv,
1986 4279 2036 4326 2.
2067 4293 2221 4339 pone.

2715 1284 2858 1344 10<

2717 1862 2793 1921 15

2709 2444 2795 2504 20

2705 3046 2786 3106 25

788 4224 891 4259 nv,
926 4212 974 4261 6.
1000 4211 1149 4261 divis.
1285 4213 1363 4260 11.
1388 4167 1685 4270 nominatie,
1711 4211 1770 4260 Β.
1905 4211 1986 4260 14.
2011 4212 2204 4274 exiget.
2352 4214 2435 4263 22.
2460 4213 2780 4278 Myrrheum,
