3025 4776
361 312 474 366 254
1215 310 1282 385 Q.
1326 308 1640 371 HORATJ
1675 310 1963 371 FLAocz

789 486 1136 552 Nobilibus
1164 488 1474 552 trimetris
1504 497 1763 572 apparet
1794 510 1976 552 rarus
2007 495 2072 552 et
2101 487 2277 552 Enni

788 598 874 662 In
902 619 1158 663 scenam
1187 599 1414 663 missos
1444 620 1595 663 cum
1622 620 1862 682 magno
1890 597 2167 681 pondere
2195 618 2415 662 versus
2653 601 2787 662 260

786 711 926 773 Aut
953 730 1160 794 operae
1187 709 1408 773 celeris
1437 709 1712 773 nimium
1741 729 2024 791 curaque
2054 710 2330 774 carentis

785 823 925 884 Aut
952 821 1263 904 ignoratae
1291 820 1529 903 premit
1557 820 1713 882 artis
1741 819 2009 883 crimine
2037 820 2234 903 turpi.

785 932 939 996 Non
971 932 1174 1015 quivis
1200 931 1377 995 videt
1403 930 1824 994 immodulata
1850 935 2144 1014 poe'mata
2166 931 2387 1014 judex,

784 1045 873 1107 Et
903 1043 1054 1107 data
1085 1042 1395 1106 Romanis
1423 1041 1611 1104 venia
1637 1049 1736 1104 cst
1765 1041 2033 1124 indigna
2059 1042 2283 1124 poe'tis.

786 1154 1120 1219 Idcircone
1148 1174 1342 1235 vager
1369 1151 1772 1233 scribamque
1801 1150 2111 1214 licenter?
2153 1173 2243 1214 an
2270 1151 2479 1214 omnis
2650 1154 2780 1215 265

784 1265 1055 1328 Visuros
1084 1271 1345 1347 peccata
1372 1270 1596 1346 putem
1629 1284 1791 1339 mea,
1825 1269 2009 1325 tutus
2039 1271 2105 1326 et
2135 1262 2306 1326 intra

787 1378 980 1459 Spem
1009 1374 1209 1438 veniae
1239 1373 1515 1437 cautus?
1606 1373 1824 1436 Vitavi
1852 1373 2127 1456 denique
2157 1374 2432 1456 culpam,

783 1488 942 1551 Non
970 1485 1225 1549 laudem
1252 1485 1478 1548 merui.
1569 1485 1707 1547 Vos
1737 1484 2121 1567 exemplaria
2151 1485 2380 1547 Graeca

783 1598 1123 1661 Nocturna
1149 1602 1397 1659 versate
1429 1615 1641 1672 manu,
1675 1602 1923 1658 versate
1955 1594 2204 1657 diurna.

783 1710 878 1773 At
906 1707 1099 1770 vestri
1130 1706 1348 1789 proavi
1378 1705 1715 1769 Plautinos
1746 1713 1813 1769 et
1841 1726 2142 1769 numeros
2171 1713 2238 1768 et
2646 1705 2780 1769 270

786 1816 1154 1879 Laudavere
1184 1816 1345 1879 sales
1371 1841 1384 1878 :
1432 1799 1704 1878 nimiuin
1739 1816 2057 1897 patienter
2084 1824 2452 1897 utrumque,

783 1928 891 1990 Ne
920 1927 1128 1990 dicam
1158 1926 1377 2003 stulte,
1409 1925 1648 2002 mirati,
1681 1925 1736 1988 si
1765 1925 1957 1988 modo
1986 1947 2105 2008 ego
2134 1934 2200 1988 et
2238 1946 2349 1988 vos

788 2037 1040 2100 Scimus
1069 2035 1457 2099 inurbanum
1487 2034 1699 2117 lepido
1729 2056 2034 2118 seponere
2063 2035 2237 2099 dicto

786 2147 1307 2230 Legitimumque
1339 2166 1571 2209 sonum
1604 2145 1820 2227 digitis
1853 2146 2154 2209 callemus
2184 2154 2250 2209 et
2279 2167 2451 2209 aure.
2541 2191 2618 2216 „s

785 2260 1095 2341 Ignotum
1126 2255 1388 2338 tragicae
1418 2276 1621 2337 genus
1649 2254 1965 2318 invenisse
1997 2257 2296 2320 Camenae
2649 2259 2778 2321 275

364 2387 465 2430 ne.
487 2386 588 2429 ns.
611 2387 648 2428 1.
670 2387 756 2428 100.
786 2369 1041 2434 Dicitur
1070 2375 1136 2433 et
1163 2366 1465 2451 plaustris
1492 2365 1735 2430 vexisse
1765 2369 2060 2450 poemata
2088 2366 2375 2451 Thespis,

692 2530 699 2537 ‚
788 2484 951 2548 Quae
981 2486 1283 2543 canerent
1313 2485 1700 2560 agerentque
1738 2478 2029 2559 peruncti
2058 2476 2322 2567 faecibus
2350 2498 2482 2542 ora.

788 2595 945 2658 Post
971 2592 1146 2654 hunc
1173 2609 1459 2673 personae
1488 2589 1800 2671 pallaeque
1829 2594 2114 2670 repertor
2139 2588 2430 2651 honestae

739 2710 748 2790 Ι
788 2702 1131 2787 AEschylus
1159 2709 1224 2764 et
1254 2699 1521 2763 modicis
1549 2698 1846 2762 instravit
1875 2698 2124 2782 pulpita
2151 2698 2349 2781 tignis

364 2836 446 2875 coe.
468 2834 573 2875 oz.
595 2834 632 2873 1.
655 2833 716 2873 ιε.
786 2816 874 2879 Et
903 2813 1120 2877 docuit
1150 2830 1584 2894 magnumque
1612 2810 1790 2892 loqui
1820 2810 2066 2892 nitique
2096 2810 2428 2875 cothurno,
2650 2813 2782 2874 280

362 2961 467 2991 eona.
490 2950 708 2991 8.1.⁴.2.
792 2926 1111 2991 Successit
1138 2931 1321 2987 vetus
1349 2922 1451 2985 his
1480 2920 1814 2997 comoedia,
1846 2941 1978 2982 non
2009 2919 2145 2983 sine
2174 2920 2380 2983 multa

789 3036 1009 3103 Laude
1031 3063 1051 3113 3
1096 3034 1208 3098 sed
1235 3035 1306 3096 in
1333 3032 1564 3096 vitium
1593 3031 1856 3094 libertas
1885 3031 2119 3094 excidit
2148 3039 2213 3094 et
2243 3032 2374 3093 vim

789 3149 1072 3230 Dignam
1100 3147 1240 3227 lege
1269 3143 1405 3226 regi
1428 3169 1447 3220 3
1494 3143 1596 3205 lex
1627 3148 1724 3205 est
1753 3148 2013 3223 accepta
2040 3140 2395 3223 chorusque

788 3258 1085 3341 Turpiter
1112 3254 1384 3320 obticuit
1412 3252 1667 3316 sublato
1688 3254 1836 3334 jure
1865 3249 2156 3314 nocendi.
2227 3324 2248 3343 l

787 3368 906 3432 Nil
935 3368 1393 3448 intemptatum
1422 3363 1627 3427 nostri
1649 3362 1900 3444 ‘liquere
1931 3369 2158 3444 poetae,
2193 3346 2222 3369 s
2654 3364 2781 3425 285

789 3480 932 3543 Nec
962 3476 1302 3540 minimum
1335 3493 1623 3537 meruere
1646 3471 1858 3548 decus,
1890 3470 2160 3551 vestigia
2189 3470 2419 3533 Graeca

789 3589 954 3653 Ausi
982 3588 1268 3651 deserere
1298 3593 1364 3648 et
1393 3582 1711 3647 celebrare
1742 3580 2094 3643 domestica
2121 3580 2309 3656 facta,

789 3698 912 3761 Vel
945 3696 1056 3780 qui
1083 3700 1426 3778 praetextas
1455 3692 1555 3755 vel
1587 3691 1696 3773 qui
1730 3690 2000 3753 docuere
2032 3697 2304 3771 togatas.

788 3809 931 3871 Nec
959 3806 1197 3869 virtute
1225 3804 1390 3868 foret
1421 3801 1686 3866 clarisve
1715 3801 2040 3883 potentius
2070 3800 2264 3862 armis
2487 3880 2494 3887 .

793 3921 1008 3985 Quam
1036 3916 1261 3997 lingua
1288 3912 1576 3987 Latium,
1609 3910 1665 3973 si
1693 3930 1825 3972 non
1854 3909 2206 3972 offenderet
2237 3930 2436 3971 unum
2656 3914 2789 3975 290

364 4069 455 4110 ,m
479 4060 745 4111 s.1.1o.85.
793 4033 1131 4109 Quemque
1159 4027 1492 4108 poetarum
1523 4021 1695 4083 limae
1729 4018 1911 4083 labor
1939 4027 2006 4081 et
2036 4040 2237 4083 mora.
2325 4021 2484 4096 Vos,
2516 4020 2575 4082 O

793 4138 1144 4222 Pompilius
1173 4134 1451 4217 sanguis,
1484 4153 1740 4195 carmen
1773 4130 2236 4213 reprehendite,
2271 4130 2442 4213 quod
2481 4151 2612 4193 non

961 4274 1076 4327 260.
1111 4286 1300 4334 magno
1324 4285 1457 4317 cnm.
1594 4268 1710 4316 264.
1745 4267 1769 4315 P
1793 4268 2014 4317 veniant.
2151 4266 2266 4315 265.
2302 4269 2365 4314 nt
2388 4281 2582 4313 omncs.

1221 4337 1335 4387 277.
1373 4335 1587 4383 foecibus
1611 4335 1757 4381 atris.
1893 4334 2008 4381 292.
2045 4333 2358 4394 reprendite.
