3025 4776
1197 317 1534 375 EPODON
1614 315 1786 372 VIII.

463 486 590 553 Sed
617 493 715 564 ut,
747 482 1099 548 secundum
1126 488 1275 546 vota
1303 479 1711 557 Parthorum,
1744 498 1860 541 sua

289 601 371 663 10
548 596 723 662 Urbs
751 595 890 659 haec
918 592 1166 677 periret·
1184 591 1447 655 dextera
1468 590 1499 652 ?

459 708 693 791 Neque
721 705 827 769 hic
855 704 1023 788 lupis
1052 724 1212 781 mos,
1244 722 1364 765 nec
1392 701 1519 764 fuit
1546 699 1864 778 leonibus,

547 819 900 902 Umquam,
930 815 1055 878 nisi
1084 815 1153 877 in
1182 813 1412 897 dispar,
1444 812 1620 877 feris·

462 931 750 994 Furor-ne
779 947 1007 1004 caecus,
1039 947 1123 988 an
1150 923 1318 1007 rapit
1345 923 1439 987 vis
1469 920 1725 986 acrior?

550 1039 659 1102 An
688 1037 925 1121 culpa?
971 1056 1346 1119 responsum
1375 1033 1636 1097 date.—

295 1153 375 1213 15
465 1150 707 1213 Tacent
728 1173 749 1225 5
797 1156 864 1211 et
894 1146 1077 1210 albus
1105 1165 1218 1209 ora
1244 1143 1446 1227 pallor
1474 1142 1702 1222 inficit,

555 1258 940 1341 Mentesque
968 1255 1274 1341 perculsae
1304 1261 1589 1338 stupent.

470 1369 577 1433 Sic
606 1376 703 1433 est
720 1394 740 1447 3
788 1367 1018 1431 acerba
1043 1366 1179 1430 fata
1208 1366 1533 1430 Romanos
1564 1370 1788 1448 agunt,

556 1480 902 1562 Scelusque
931 1478 1227 1542 fraternae
1255 1476 1451 1555 neciS,

470 1593 567 1656 Ut
592 1589 991 1654 immerentis
1019 1589 1206 1652 fluxit
1233 1588 1304 1651 in
1332 1595 1573 1652 terram
1603 1583 1794 1650 Remi

297 1705 383 1767 20
558 1702 750 1766 Sacer
778 1700 1115 1785 nepotibus
1144 1720 1352 1764 cruor.

1192 1983 1395 2048 VIII.

473 2111 755 2175 Bonam-2
786 2109 978 2192 longo
1005 2105 1300 2192 putidam
1328 2112 1396 2169 te
1425 2103 1683 2182 saeculo,

556 2223 746 2287 Vires
777 2222 933 2306 quid
962 2227 1222 2286 enervet
1249 2216 1478 2282 meas?

474 2336 697 2404 Quum
727 2333 812 2398 sit
840 2332 963 2398 tibi
992 2332 1148 2398 dens
1178 2338 1336 2410 ater,
1367 2336 1434 2394 et
1462 2327 1637 2413 mgis
1666 2333 1846 2392 vetus

559 2451 868 2515 Frontem
896 2445 1191 2513 senectus
1221 2451 1437 2511 exaret
1461 2469 1481 2524 ;

349 2566 386 2625 5
420 2614 434 2621 -
477 2562 761 2644 Hietque
790 2560 994 2643 turpis
1021 2559 1192 2622 inter
1221 2555 1428 2620 aridas
1455 2560 1639 2618 nates

562 2670 802 2749 Podex,
832 2669 1009 2733 velut
1039 2665 1251 2732 crudae
1280 2664 1481 2728 bovis.

478 2785 606 2851 Sed
633 2784 861 2849 incitat
889 2803 993 2846 me
1020 2787 1267 2867 pectus,
1296 2785 1364 2842 et
1391 2797 1691 2841 mammae
1718 2782 1960 2860 putres,

561 2895 818 2978 Equina
847 2893 1064 2978 quales
1091 2891 1326 2967 ubera3

474 3009 844 3088 Venterque
871 3002 1105 3081 mollis,
1136 3008 1201 3065 et
1229 3000 1441 3065 femur
1470 2996 1895 3074 tumentibuS,

309 3119 391 3181 10
562 3114 748 3179 Exile
776 3111 939 3175 suris
967 3109 1280 3174 additum.

477 3230 642 3293 Esto
669 3226 879 3303 beata,
909 3223 1103 3287 funus
1134 3229 1327 3305 atque
1355 3218 1668 3303 imagines

565 3339 826 3402 Ducant
853 3333 1273 3417 triumphales
1300 3338 1490 3394 tuum
1515 3354 1536 3407 ς

479 3449 625 3513 Nec
648 3447 738 3511 sit
764 3445 1020 3524 marita,
1052 3464 1194 3527 quae
1223 3438 1702 3505 rotundioribus

568 3561 821 3625 Onusta
848 3555 1023 3620 bacis
1053 3552 1360 3618 ambulet.

312 3676 391 3737 15
483 3668 659 3738 Quid
679 3670 709 3732 ?
758 3667 929 3751 quod
956 3664 1157 3729 libelli
1190 3662 1392 3727 Stoici
1419 3661 1592 3726 inter
1619 3659 1852 3724 sericos

571 3782 614 3844 J
618 3798 799 3843 acere
827 3773 1124 3861 pulvillos
1154 3779 1411 3837 amant:

488 3889 841 3956 Inlitterati
868 3908 1028 3951 num
1057 3885 1273 3949 minus
1301 3882 1480 3948 nervi
1506 3882 1721 3966 rigent
1744 3882 1775 3943 ‘t'

571 4001 872 4065 Minusve
899 3999 1165 4082 languet
1192 3995 1506 4059 fascinum
1527 3993 1557 4055 ἰ’

487 4111 681 4181 Quod
708 4120 784 4176 ut
812 4110 1086 4196 superbo
1114 4126 1413 4193 provoces
1443 4103 1523 4168 ab
1552 4101 1839 4185 inguine,

317 4226 401 4288 20
576 4227 707 4290 Ore
737 4219 1223 4288 allaborandum
1254 4224 1350 4281 est
1378 4215 1521 4279 tibi.

914 4369 1040 4409 vnl.
1076 4358 1159 4405 20.
1185 4354 1208 4405 P
1232 4351 1685 4404 allaborandumst.

2589 313 2702 368 119

2313 606 2376 637 ιο.
2396 592 2477 645 Ep.
2498 593 2561 634 16.
2581 593 2623 634 2.

2316 1597 2382 1646 ut,
2402 1595 2451 1637 O.
2470 1595 2510 1637 4.
2527 1594 2568 1636 4.
2584 1593 2652 1634 42.
