3025 4776
899 306 1473 365 EPISTOLARUM
1545 310 1702 367 LIB.
1762 311 1817 370 Ι.
1876 311 2028 369 xviii.
2571 316 2682 374 227

440 468 819 552 Tuterisque
850 476 965 534 tuo
994 470 1300 535 fidentem
1329 473 1623 556 praesidio
1645 498 1664 552 3
1715 474 1825 556 qui

440 581 653 644 Dente
682 580 1016 647 Theonino
1044 604 1193 648 cum
1224 584 1735 663 circumroditur,
1770 585 1999 669 ecquid
2289 590 2632 633 “r-S·1·⁴·⁸¹·

438 692 545 755 Ad
574 701 638 756 te
666 699 811 776 post
842 694 1030 777 paulo
1059 704 1328 758 ventura
1354 696 1634 779 pericula
1662 696 1860 760 sentis
1883 699 1912 759 ’.Ρ

437 803 612 867 Nam
642 812 758 867 tua
784 826 885 868 res
915 806 1149 888 agitur,
1181 806 1385 889 paries
1416 827 1562 870 cum
1594 808 1919 890 proximus
1949 808 2150 888 ardet,

308 916 391 976 85
437 915 525 977 Et
553 915 846 996 neglecta
873 915 1081 979 solent
1109 916 1405 980 incendia
1433 938 1685 981 sumere
1713 918 1897 982 vires.

438 1022 660 1087 Dulcis
689 1025 1035 1109 inexpertis
1062 1026 1315 1090 cultura
1343 1027 1624 1111 potentis
1655 1029 1844 1092 amici
1871 1054 1885 1092 z

437 1137 756 1220 Expertus
786 1138 1038 1201 metuit.
1130 1140 1251 1216 Τυ,
1285 1138 1441 1201 dum
1471 1146 1590 1201 tua
1614 1139 1792 1202 navis
1820 1139 1892 1202 in
1923 1139 2053 1203 alto
2083 1147 2201 1217 est,

439 1245 586 1308 Hoc
616 1265 752 1328 age,
785 1267 868 1309 ne
897 1253 1147 1310 mutata
1174 1254 1525 1310 retrorsum
1555 1253 1621 1310 te
1649 1246 1813 1311 ferat
1843 1269 2015 1311 aura.
2282 1260 2471 1303 hoca-8.
2491 1263 2680 1304 *ts-1⁵2.

438 1355 734 1420 Oderunt
762 1357 1031 1421 hilarem
1061 1359 1277 1422 tristes
1308 1359 1686 1442 tristemque
1710 1360 1934 1442 jocosi,

306 1469 393 1529 90
438 1467 746 1531 Sedatum
777 1469 1031 1552 celereS‚
1064 1470 1298 1552 agilem
1326 1490 1689 1552 navumque
1717 1471 1965 1534 remissi
1986 1497 2007 1551 3

447 1578 741 1661 [Potores
770 1579 972 1643 bibuli
1001 1579 1210 1643 media
1241 1579 1319 1643 de
1348 1588 1537 1644 nocte
1568 1581 1850 1664 Falerni]

434 1688 730 1753 Oderunt
757 1699 1046 1773 porrecta
1073 1698 1418 1773 negantem
1447 1692 1714 1776 pocula„
1728 1694 2016 1775 quamvis

432 1799 805 1864 Nocturnos
826 1801 1002 1884 jures
1032 1809 1100 1864 te
1129 1801 1472 1865 formidare
1503 1823 1786 1886 vapores.

431 1913 637 1977 Deme
666 1914 998 1998 supercilio
1026 1913 1266 1978 nubem
1292 1939 1308 1990 3
1354 1915 1728 1998 plerumque
1758 1915 2083 1980 modestus

302 2028 385 2090 95
434 2027 725 2108 Occupat
752 2024 1008 2088 obscuri
1030 2025 1325 2108 speciem,
1357 2024 1716 2089 taciturnus
1745 2027 1976 2091 acerbi.

434 2137 618 2200 Inter
645 2143 876 2201 cuncta
901 2136 1075 2220 leges
1105 2144 1171 2200 et
1200 2137 1654 2220 percontabere
1685 2137 1926 2216 doctos,

438 2248 586 2314 Qua
614 2248 858 2311 ratione
889 2227 1088 2331 queas
1118 2246 1454 2311 traducere
1484 2248 1715 2311 leniter
1744 2270 1949 2312 sevum
1975 2276 1993 2327 3

433 2358 614 2422 Num
648 2367 712 2422 te
742 2378 991 2442 semper
1019 2358 1203 2443 inops
1234 2359 1436 2442 agitet
1465 2365 1775 2442 vexetque
1805 2359 2081 2443 cupidos
2279 2371 2366 2413 ino·
2485 2403 2494 2412 ·

431 2471 614 2535 Num
643 2491 835 2553 pavor
863 2476 929 2533 et
956 2491 1172 2534 rerum
1204 2469 1611 2534 mediocriter
1638 2470 1899 2533 utilium
1928 2492 2072 2554 spes
2092 2497 2113 2549 3

262 2585 388 2646 100
431 2582 760 2645 Virtutem
790 2581 1081 2645 doctrina
1108 2589 1308 2666 paret,
1342 2589 1658 2646 naturane
1687 2582 1883 2645 donet
1904 2608 1924 2661 3

434 2692 611 2759 Quid
639 2693 892 2756 minuat
922 2715 1128 2770 curas,
1158 2694 1313 2778 quid
1341 2701 1407 2757 te
1436 2694 1559 2758 tibi
1587 2694 1813 2758 reddat
1842 2694 2120 2757 amicum
2143 2720 2162 2774 3

431 2804 608 2870 Quid
636 2824 792 2887 pure
821 2805 1214 2888 tranquillet,
1246 2805 1449 2868 honos
1479 2826 1562 2868 an
1593 2805 1778 2868 dulce
1808 2805 2134 2884 lucellum,
2277 2837 2623 2879 120,s‚2,5‚⁸2,

80 2980 203 3022 d,
428 2916 541 2979 An
570 2923 888 2978 secretum
917 2914 1042 2978 iter
1070 2921 1138 2978 et
1166 2914 1445 2978 fallentis
1474 2917 1705 2979 semita
1735 2916 1902 2981 vitae.

429 3026 546 3089 Me
578 3025 872 3108 quotiens
900 3025 1105 3089 reficit
1136 3024 1383 3108 gelidus
1414 3026 1722 3109 Digentia
1749 3026 1945 3104 rivus,
2277 3045 2634 3095 res.1³:.1.14.1.

261 3141 383 3202 105
432 3140 645 3206 Quem
676 3138 983 3202 Mandela
1013 3138 1195 3216 bibit,
1228 3159 1499 3220 rugosus
1527 3138 1761 3221 frigore
1789 3160 2010 3223 pagus,

432 3249 609 3317 Quid
638 3250 873 3314 sentire
902 3250 1135 3334 putas?
1185 3249 1341 3332 quid
1371 3249 1595 3328 credis,
1630 3250 1852 3329 amice,
1884 3251 2174 3334 precari?

432 3362 534 3426 Sit
564 3362 745 3441 mihi,
767 3361 937 3445 quod
954 3381 1126 3424 nunc
1145 3368 1264 3440 est,
1285 3361 1478 3424 etiam
1496 3361 1713 3425 minus
1735 3386 1748 3425 ε
1782 3369 1847 3425 et
1866 3361 2026 3425 mihi
2042 3363 2249 3426 vivam

429 3471 623 3538 Quod
653 3479 936 3555 superest
967 3471 1106 3550 aevi,
1139 3471 1194 3534 si
1225 3471 1379 3555 quid
1409 3493 1734 3555 superesse
1763 3473 1987 3537 volunt
2016 3473 2125 3551 di3

431 3584 532 3648 Sit
562 3583 731 3646 bona
757 3581 1065 3646 librorum
1095 3589 1161 3646 et
1189 3583 1456 3666 provisae
1483 3583 1689 3665 frugis
1718 3584 1787 3646 in
1817 3604 2060 3646 annum
2275 3616 2348 3658 ω,
2371 3617 2412 3659 3,
2431 3619 2474 3659 2,
2493 3619 2531 3658 Β,
2551 3619 2616 3659 31,

262 3696 387 3757 110
430 3693 652 3776 Copia,
683 3713 810 3756 neu
838 3692 1086 3755 fluitem
1117 3692 1327 3758 dubiae
1356 3715 1465 3778 spe
1493 3693 1807 3777 pendulus
1837 3694 2031 3758 horae.
2264 3732 2348 3784 μ,
2370 3733 2411 3775 g·
2430 3734 2468 3775 2,
2488 3735 2527 3777 ³.
2546 3736 2635 3775 209,

433 3804 561 3867 Sed
588 3802 743 3867 satis
775 3809 872 3866 est
900 3824 1082 3868 orare
1115 3806 1157 3868 J
1159 3824 1341 3868 ovem
1369 3826 1512 3888 quae
1543 3804 1741 3869 donat
1770 3813 1836 3869 et
1865 3805 2074 3869 aufert
2094 3830 2116 3885 3

428 3914 558 3977 Det
574 3914 792 3992 vitam,
814 3912 923 3977 det
941 3935 1113 3999 opes,
1133 3935 1387 3998 aequum
1410 3916 1501 3978 mi
1529 3916 1816 3981 animum
1833 3917 1968 4001 ipse
1986 3918 2244 4001 parabo.
2270 3949 2381 3993 «ειμι.
2402 3940 2448 3982 c.
2470 3942 2507 3982 2.
2527 3943 2564 3982 ³.
2587 3942 2624 3982 1.

346 4076 428 4127 87.
464 4078 683 4129 i’altost.
818 4078 900 4128 93.
940 4081 1165 4141 tepores.
1297 4077 1383 4137 98,
1416 4078 1497 4128 99.
1536 4095 1766 4140 ne...ne3
1837 4095 2128 4132 non-...non.

1070 4146 1184 4194 104.
1217 4144 1436 4206 quoties.
