3025 4776
339 285 410 337 14

345 1151 381 1195 ς.
403 1142 451 1184 c.
466 1110 508 1184 Ἴ8.
529 1143 593 1183 2⁹.
613 1143 678 1184 5⁷.

348 2879 408 2907 ao.
432 2867 481 2909 C.
499 2869 539 2909 3.
557 2866 620 2909 28.
640 2867 702 2906 14.

1175 278 1244 351 Q.
1289 278 1359 335 Η
1359 277 1609 336 ORATI
1639 276 1794 334 FLA
1799 277 1929 334 001

1627 487 1816 552 XIV.

1023 625 1083 688 Ο
1131 645 1346 702 num,
1376 622 1659 687 referent
1686 623 1757 685 in
1785 644 1961 687 mare
1990 630 2058 689 te
2085 625 2240 689 novi

1024 734 1290 798 Fluctus
1318 734 1333 797 1
1426 735 1486 798 Ο
1520 732 1674 816 quid
1703 733 1839 816 agis
1861 736 1891 795 ’Β
1938 734 2193 799 fortiter
2221 757 2461 821 occupa

1112 847 1403 909 Portum·
1492 844 1732 907 Nonne
1760 843 1956 922 vides,
1988 852 2066 908 ut

1195 954 1469 1019 Nudum
1499 954 1769 1038 remigio
1797 955 1989 1034 latus,

1023 1085 1114 1148 Et
1140 1083 1349 1147 malus
1378 1083 1570 1147 celeri
1600 1083 1852 1147 saucius
1883 1083 2102 1148 Africo
2228 1100 2235 1108 ·
2721 1093 2759 1151 5

1023 1195 1471 1276 Antennaeque
1502 1200 1785 1276 gemant,
1819 1214 1893 1257 ae
1921 1194 2061 1258 sine
2089 1192 2350 1258 funibus

1115 1302 1247 1367 Vix
1275 1303 1505 1366 durare
1535 1302 1765 1391 carina}

1196 1413 1457 1479 Possint
1485 1412 1888 1495 imperiosius

1026 1549 1278 1630 AEquor
1301 1549 1331 1608 P
1420 1548 1576 1611 Non
1604 1547 1726 1612 tibi
1756 1553 1910 1610 sunt
1938 1547 2190 1629 integra
2215 1547 2433 1626 lintea,

1028 1660 1186 1723 Non
1214 1659 1299 1737 di,
1333 1680 1492 1741 quos
1520 1659 1759 1721 iterum
1787 1679 2003 1740 pressa
2028 1679 2214 1722 voees
2245 1660 2412 1723 malo
2438 1685 2453 1723 ι
2681 1664 2764 1724 10

1116 1769 1426 1835 Quamvis
1455 1768 1724 1832 Pontica
1750 1767 1961 1851 pinus,

1202 1881 1393 1945 Silvae
1421 1880 1555 1943 filia
1581 1879 1833 1957 nobilis,

1031 2018 1073 2079 J
1077 2023 1250 2080 actes
1280 2023 1346 2079 et
1375 2036 1577 2099 genus
1607 2021 1673 2078 et
1704 2035 1942 2078 nomen
1969 2015 2199 2079 inutile
2221 2039 2242 2093 3

1025 2126 1144 2189 Nil
1171 2125 1361 2209 pictis
1389 2125 1656 2189 timidus
1684 2125 1902 2189 navita
1929 2125 2246 2210 puppibus

1113 2235 1307 2299 Fidit.
1398 2237 1518 2314 Tu,
1552 2235 1677 2299 nisi
1704 2236 1912 2299 ventis
2684 2240 2761 2300 15

1203 2345 1419 2411 Debes
1447 2345 1820 2426 ludibrium,
1853 2367 2025 2411 cave.

1026 2482 1255 2566 Nuper
1283 2481 1631 2546 sollicitum
1663 2503 1808 2566 quae
1835 2481 1998 2545 mihi
2026 2481 2315 2560 taedium,

1026 2593 1225 2657 Nunc
1254 2592 1660 2670 desiderium,
1693 2613 1972 2675 curaque
1999 2614 2130 2657 non
2157 2593 2332 2672 levis,

1113 2703 1441 2766 Inter-fusa
1467 2703 1735 2766 nitentis

1200 2813 1387 2877 Vites
1417 2833 1674 2895 aequora
1702 2812 2034 2895 Cycladas.
2675 2816 2759 2878 20
2849 2804 2862 2809 ’

1678 3153 1826 3216 XV.

942 3293 1203 3356 PAsron
1233 3311 1432 3374 quum
1459 3289 1745 3354 traheret
1775 3312 1889 3374 per
1915 3291 2082 3355 freta
2109 3292 2375 3357 navibus

942 3398 1140 3463 Idaeis
1171 3399 1470 3462 Helenen
1499 3398 1778 3482 perfidus
1807 3399 2155 3484 hospitam,

942 3510 1211 3594 Ingrato
1241 3511 1476 3574 celeres
1504 3509 1722 3574 obruit
1752 3511 1886 3574 otio

1029 3622 1298 3698 Ventos,
1329 3627 1404 3682 ut
1433 3628 1692 3683 caneret
1719 3620 1857 3684 fera

940 3753 1193 3817 Nereus
1220 3752 1394 3817 fata:
1442 3754 1624 3818 Mala
1652 3755 1832 3819 ducis
1862 3757 1962 3819 avi
1991 3755 2255 3820 domum
2287 3739 2311 3759 ’
2517 3749 2532 3757 ’
2723 3766 2761 3825 5

945 3864 1160 3929 Quam
1189 3863 1397 3925 multo
1426 3871 1674 3947 repetet
1706 3865 1957 3930 Graecia
1984 3866 2211 3945 milite,

943 3973 1296 4056 Conjurata
1323 3978 1470 4035 tuas
1500 3994 1795 4057 rumpere
1823 3976 2104 4059 nuptias,

1030 4084 1121 4147 Et
1149 4103 1420 4165 regnum
1452 4083 1695 4148 Priami
1723 4094 1923 4151 vetus.

772 4261 876 4296 xlv.
906 4249 951 4295 1.
986 4247 1237 4298 referunt.
1351 4246 1398 4295 6.
1435 4251 1711 4296 antemnae.
1801 4251 1882 4299 19.
1918 4251 2164 4299 nitentes.
2300 4265 2382 4300 xv,
2408 4255 2456 4301 2.
2495 4253 2763 4304 Helenam.
