<?xml version="1.0" encoding="UTF-8"?>
<!DOCTYPE html PUBLIC "-//W3C//DTD XHTML 1.0 Transitional//EN"
    "http://www.w3.org/TR/xhtml1/DTD/xhtml1-transitional.dtd">
<html xmlns="http://www.w3.org/1999/xhtml" xml:lang="en" lang="en">
 <head>
  <title>
</title>
<meta http-equiv="Content-Type" content="text/html;charset=utf-8" />
  <meta name='ocr-system' content='tesseract 3.04.00' />
  <meta name='ocr-capabilities' content='ocr_page ocr_carea ocr_par ocr_line ocrx_word'/>
</head>
<body>
  <div class='ocr_page' id='page_1' title='image "./quintihoratifla03horagoog_0192.png"; bbox 0 0 3025 4776; ppageno 0'>
   <div class='ocr_carea' id='block_1_1' title="bbox 371 304 476 358">
    <p class='ocr_par' dir='ltr' id='par_1_1' title="bbox 371 304 476 358">
     <span class='ocr_line' id='line_1_1' title="bbox 371 304 476 358; baseline 0.01 -1"><span class='ocrx_word' id='word_1_1' title='bbox 371 304 476 358; x_wconf 76' lang='lat' dir='ltr'><strong>mo</strong></span> 
     </span>
    </p>
   </div>
   <div class='ocr_carea' id='block_1_2' title="bbox 373 2974 703 3015">
    <p class='ocr_par' dir='ltr' id='par_1_2' title="bbox 373 2974 703 3015">
     <span class='ocr_line' id='line_1_2' title="bbox 373 2974 703 3015; baseline -0.003 0"><span class='ocrx_word' id='word_1_2' title='bbox 373 2974 465 3015; x_wconf 67' lang='lat' dir='ltr'><strong>rhe.</strong></span> <span class='ocrx_word' id='word_1_3' title='bbox 487 2974 528 3015; x_wconf 83' lang='lat' dir='ltr'><strong>S.</strong></span> <span class='ocrx_word' id='word_1_4' title='bbox 551 2976 586 3015; x_wconf 91' lang='lat' dir='ltr'><strong>l.</strong></span> <span class='ocrx_word' id='word_1_5' title='bbox 607 2976 644 3015; x_wconf 82' lang='lat'><strong>5.</strong></span> <span class='ocrx_word' id='word_1_6' title='bbox 664 2975 703 3014; x_wconf 80' lang='lat'><strong>2.</strong></span> 
     </span>
    </p>
   </div>
   <div class='ocr_carea' id='block_1_3' title="bbox 376 3200 729 3241">
    <p class='ocr_par' dir='ltr' id='par_1_3' title="bbox 376 3200 729 3241">
     <span class='ocr_line' id='line_1_3' title="bbox 376 3200 729 3241; baseline -0.003 -1"><span class='ocrx_word' id='word_1_7' title='bbox 376 3200 463 3240; x_wconf 71' lang='lat' dir='ltr'><strong>rid.</strong></span> <span class='ocrx_word' id='word_1_8' title='bbox 487 3200 527 3241; x_wconf 85' lang='lat' dir='ltr'><strong>S.</strong></span> <span class='ocrx_word' id='word_1_9' title='bbox 552 3200 588 3240; x_wconf 88' lang='lat'><strong>1.</strong></span> <span class='ocrx_word' id='word_1_10' title='bbox 610 3201 645 3240; x_wconf 90' lang='lat'><strong>1.</strong></span> <span class='ocrx_word' id='word_1_11' title='bbox 666 3201 729 3240; x_wconf 70' lang='lat'><strong>24.</strong></span> 
     </span>
    </p>
   </div>
   <div class='ocr_carea' id='block_1_4' title="bbox 379 3426 679 3471">
    <p class='ocr_par' dir='ltr' id='par_1_4' title="bbox 379 3426 679 3471">
     <span class='ocr_line' id='line_1_4' title="bbox 379 3426 679 3471; baseline -0.01 0"><span class='ocrx_word' id='word_1_12' title='bbox 379 3430 440 3471; x_wconf 77' lang='lat'><strong>16.</strong></span> <span class='ocrx_word' id='word_1_13' title='bbox 463 3427 503 3467; x_wconf 81' lang='lat' dir='ltr'><strong>S.</strong></span> <span class='ocrx_word' id='word_1_14' title='bbox 527 3428 563 3467; x_wconf 86' lang='lat'><strong>1.</strong></span> <span class='ocrx_word' id='word_1_15' title='bbox 584 3428 620 3468; x_wconf 73' lang='lat'><strong>4.</strong></span> <span class='ocrx_word' id='word_1_16' title='bbox 642 3426 679 3468; x_wconf 90' lang='lat'><strong>1.</strong></span> 
     </span>
    </p>
   </div>
   <div class='ocr_carea' id='block_1_5' title="bbox 1217 304 1964 377">
    <p class='ocr_par' dir='ltr' id='par_1_5' title="bbox 1217 304 1964 377">
     <span class='ocr_line' id='line_1_5' title="bbox 1217 304 1964 377; baseline 0.003 -15"><span class='ocrx_word' id='word_1_17' title='bbox 1217 304 1284 377; x_wconf 77' lang='grc' dir='ltr'><strong>ρ.</strong></span> <span class='ocrx_word' id='word_1_18' title='bbox 1328 306 1644 364; x_wconf 73' lang='lat' dir='ltr'><em>HORATJ</em></span> <span class='ocrx_word' id='word_1_19' title='bbox 1677 307 1964 366; x_wconf 72' lang='lat' dir='ltr'><strong>PLAoct</strong></span> 
     </span>
    </p>
   </div>
   <div class='ocr_carea' id='block_1_6' title="bbox 1744 668 1828 729">
    <p class='ocr_par' dir='ltr' id='par_1_6' title="bbox 1744 668 1828 729">
     <span class='ocr_line' id='line_1_6' title="bbox 1744 668 1828 729; baseline -0.012 0"><span class='ocrx_word' id='word_1_20' title='bbox 1744 668 1828 729; x_wconf 91' lang='lat' dir='ltr'><strong>X.</strong></span> 
     </span>
    </p>
   </div>
   <div class='ocr_carea' id='block_1_7' title="bbox 790 801 2784 1654">
    <p class='ocr_par' dir='ltr' id='par_1_7' title="bbox 791 801 2201 883">
     <span class='ocr_line' id='line_1_7' title="bbox 791 801 2201 883; baseline 0.002 -20"><span class='ocrx_word' id='word_1_21' title='bbox 791 802 1024 880; x_wconf 72' lang='lat' dir='ltr'><strong>Duc-ili,</strong></span> <span class='ocrx_word' id='word_1_22' title='bbox 1058 822 1246 883; x_wconf 80' lang='lat' dir='ltr'><strong>quam</strong></span> <span class='ocrx_word' id='word_1_23' title='bbox 1275 801 1365 864; x_wconf 70' lang='lat' dir='ltr'><strong>sis</strong></span> <span class='ocrx_word' id='word_1_24' title='bbox 1393 803 1745 880; x_wconf 73' lang='lat' dir='ltr'><strong>mendosus,</strong></span> <span class='ocrx_word' id='word_1_25' title='bbox 1779 809 1934 867; x_wconf 74' lang='lat' dir='ltr'><strong>teste</strong></span> <span class='ocrx_word' id='word_1_26' title='bbox 1970 804 2201 866; x_wconf 80' lang='lat' dir='ltr'><strong>Catone</strong></span> 
     </span>
    </p>

    <p class='ocr_par' dir='ltr' id='par_1_8' title="bbox 790 910 2245 993">
     <span class='ocr_line' id='line_1_8' title="bbox 790 910 2245 993; baseline 0 -20"><span class='ocrx_word' id='word_1_27' title='bbox 790 910 1136 992; x_wconf 64' lang='lat' dir='ltr'><strong>Defensor-e</strong></span> <span class='ocrx_word' id='word_1_28' title='bbox 1166 917 1271 973; x_wconf 75' lang='lat' dir='ltr'><strong>tuo</strong></span> <span class='ocrx_word' id='word_1_29' title='bbox 1289 912 1683 992; x_wconf 75' lang='lat' dir='ltr'><strong><em>pervincum,</em></strong></span> <span class='ocrx_word' id='word_1_30' title='bbox 1716 912 1822 993; x_wconf 79' lang='lat' dir='ltr'><strong>qui</strong></span> <span class='ocrx_word' id='word_1_31' title='bbox 1853 913 2012 974; x_wconf 84' lang='lat' dir='ltr'><strong>male</strong></span> <span class='ocrx_word' id='word_1_32' title='bbox 2026 910 2245 992; x_wconf 75' lang='lat' dir='ltr'><strong>factos</strong></span> 
     </span>
    </p>

    <p class='ocr_par' dir='ltr' id='par_1_9' title="bbox 790 1021 2149 1102">
     <span class='ocr_line' id='line_1_9' title="bbox 790 1021 2149 1102; baseline 0.001 -20"><span class='ocrx_word' id='word_1_33' title='bbox 790 1021 1149 1084; x_wconf 83' lang='lat' dir='ltr'><strong>Emendare</strong></span> <span class='ocrx_word' id='word_1_34' title='bbox 1165 1026 1369 1102; x_wconf 84' lang='lat' dir='ltr'><strong>parat</strong></span> <span class='ocrx_word' id='word_1_35' title='bbox 1398 1040 1634 1098; x_wconf 73' lang='lat' dir='ltr'><strong>versus,</strong></span> <span class='ocrx_word' id='word_1_36' title='bbox 1666 1022 1782 1084; x_wconf 74' lang='lat' dir='ltr'><strong>hoc</strong></span> <span class='ocrx_word' id='word_1_37' title='bbox 1813 1023 2012 1084; x_wconf 68' lang='lat' dir='ltr'><strong>lenius</strong></span> <span class='ocrx_word' id='word_1_38' title='bbox 2042 1023 2149 1084; x_wconf 78' lang='lat' dir='ltr'><strong>ille</strong></span> 
     </span>
    </p>

    <p class='ocr_par' dir='ltr' id='par_1_10' title="bbox 791 1131 2156 1214">
     <span class='ocr_line' id='line_1_10' title="bbox 791 1131 2156 1214; baseline 0.002 -22"><span class='ocrx_word' id='word_1_39' title='bbox 791 1131 916 1192; x_wconf 70' lang='lat' dir='ltr'><strong>Est</strong></span> <span class='ocrx_word' id='word_1_40' title='bbox 947 1151 1065 1212; x_wconf 81' lang='lat' dir='ltr'><strong>quo</strong></span> <span class='ocrx_word' id='word_1_41' title='bbox 1096 1133 1198 1193; x_wconf 85' lang='lat' dir='ltr'><strong>vir</strong></span> <span class='ocrx_word' id='word_1_42' title='bbox 1227 1132 1468 1209; x_wconf 81' lang='lat' dir='ltr'><strong>melior,</strong></span> <span class='ocrx_word' id='word_1_43' title='bbox 1502 1133 1679 1214; x_wconf 62' lang='lat' dir='ltr'><strong>longe</strong></span> <span class='ocrx_word' id='word_1_44' title='bbox 1707 1132 1998 1196; x_wconf 74' lang='lat' dir='ltr'><strong>subtilior</strong></span> <span class='ocrx_word' id='word_1_45' title='bbox 2026 1135 2156 1210; x_wconf 80' lang='lat' dir='ltr'><strong>illo,</strong></span> 
     </span>
    </p>

    <p class='ocr_par' dir='ltr' id='par_1_11' title="bbox 792 1239 2780 1432">
     <span class='ocr_line' id='line_1_11' title="bbox 800 1239 2780 1321; baseline -0.001 -19"><span class='ocrx_word' id='word_1_46' title='bbox 800 1242 921 1312; x_wconf 79' lang='lat' dir='ltr'><strong>Qui</strong></span> <span class='ocrx_word' id='word_1_47' title='bbox 951 1243 1213 1303; x_wconf 82' lang='lat' dir='ltr'><strong>multum</strong></span> <span class='ocrx_word' id='word_1_48' title='bbox 1230 1261 1399 1321; x_wconf 82' lang='lat' dir='ltr'><strong>puer</strong></span> <span class='ocrx_word' id='word_1_49' title='bbox 1428 1247 1488 1303; x_wconf 85' lang='lat' dir='ltr'><strong>et</strong></span> <span class='ocrx_word' id='word_1_50' title='bbox 1522 1243 1677 1304; x_wconf 73' lang='lat' dir='ltr'><strong>loris</strong></span> <span class='ocrx_word' id='word_1_51' title='bbox 1706 1248 1765 1303; x_wconf 85' lang='lat' dir='ltr'><strong>et</strong></span> <span class='ocrx_word' id='word_1_52' title='bbox 1781 1239 2046 1321; x_wconf 76' lang='lat' dir='ltr'><strong>funibus</strong></span> <span class='ocrx_word' id='word_1_53' title='bbox 2073 1243 2220 1305; x_wconf 72' lang='lat' dir='ltr'><strong>udis</strong></span> <span class='ocrx_word' id='word_1_54' title='bbox 2743 1243 2780 1300; x_wconf 83' lang='lat'>5</span> 
     </span>
     <span class='ocr_line' id='line_1_12' title="bbox 792 1349 2268 1432; baseline 0.001 -21"><span class='ocrx_word' id='word_1_55' title='bbox 792 1350 1212 1426; x_wconf 70' lang='lat' dir='ltr'><strong>Exhortatus,</strong></span> <span class='ocrx_word' id='word_1_56' title='bbox 1243 1355 1314 1410; x_wconf 79' lang='lat' dir='ltr'><strong>ut</strong></span> <span class='ocrx_word' id='word_1_57' title='bbox 1345 1357 1504 1413; x_wconf 73' lang='lat' dir='ltr'><strong>esset</strong></span> <span class='ocrx_word' id='word_1_58' title='bbox 1535 1370 1709 1430; x_wconf 84' lang='lat' dir='ltr'><strong>opem</strong></span> <span class='ocrx_word' id='word_1_59' title='bbox 1740 1352 1845 1431; x_wconf 81' lang='lat' dir='ltr'><strong>qui</strong></span> <span class='ocrx_word' id='word_1_60' title='bbox 1859 1349 2044 1430; x_wconf 84' lang='lat' dir='ltr'><strong>serre</strong></span> <span class='ocrx_word' id='word_1_61' title='bbox 2060 1352 2268 1432; x_wconf 73' lang='lat' dir='ltr'><strong>po&#39;e&#39;tis</strong></span> 
     </span>
    </p>

    <p class='ocr_par' dir='ltr' id='par_1_12' title="bbox 791 1464 2148 1545">
     <span class='ocr_line' id='line_1_13' title="bbox 791 1464 2148 1545; baseline 0.001 -18"><span class='ocrx_word' id='word_1_62' title='bbox 791 1466 1094 1545; x_wconf 72' lang='lat' dir='ltr'><strong>Antiqui-9</strong></span> <span class='ocrx_word' id='word_1_63' title='bbox 1120 1471 1332 1544; x_wconf 74' lang='lat' dir='ltr'><strong>posset</strong></span> <span class='ocrx_word' id='word_1_64' title='bbox 1362 1472 1583 1527; x_wconf 82' lang='lat' dir='ltr'><strong>contra</strong></span> <span class='ocrx_word' id='word_1_65' title='bbox 1599 1464 1878 1544; x_wconf 73' lang='lat' dir='ltr'><strong>fastidia</strong></span> <span class='ocrx_word' id='word_1_66' title='bbox 1910 1473 2148 1542; x_wconf 75' lang='lat' dir='ltr'><strong>nostra,</strong></span> 
     </span>
    </p>

    <p class='ocr_par' dir='ltr' id='par_1_13' title="bbox 801 1573 2784 1654">
     <span class='ocr_line' id='line_1_14' title="bbox 801 1573 2784 1654; baseline -0.003 -19"><span class='ocrx_word' id='word_1_67' title='bbox 801 1574 1369 1637; x_wconf 81' lang='lat' dir='ltr'><strong><em>Grammaticorum</em></strong></span> <span class='ocrx_word' id='word_1_68' title='bbox 1401 1576 1675 1654; x_wconf 82' lang='lat' dir='ltr'><strong>equitum</strong></span> <span class='ocrx_word' id='word_1_69' title='bbox 1706 1573 2120 1636; x_wconf 71' lang='lat' dir='ltr'><strong>doctissimus.</strong></span> <span class='ocrx_word' id='word_1_70' title='bbox 2222 1576 2302 1636; x_wconf 86' lang='lat' dir='ltr'><strong>Ut</strong></span> <span class='ocrx_word' id='word_1_71' title='bbox 2333 1573 2583 1636; x_wconf 84' lang='lat' dir='ltr'><em>redeam</em></span> <span class='ocrx_word' id='word_1_72' title='bbox 2614 1573 2784 1633; x_wconf 81' lang='lat' dir='ltr'><strong>illuc.</strong></span> 
     </span>
    </p>
   </div>
   <div class='ocr_carea' id='block_1_8' title="bbox 792 1741 2796 4252">
    <p class='ocr_par' dir='ltr' id='par_1_14' title="bbox 792 1741 2382 1824">
     <span class='ocr_line' id='line_1_15' title="bbox 792 1741 2382 1824; baseline -0.001 -19"><span class='ocrx_word' id='word_1_73' title='bbox 792 1743 1046 1805; x_wconf 64' lang='lat' dir='ltr'><strong>Nemus</strong></span> <span class='ocrx_word' id='word_1_74' title='bbox 1076 1741 1500 1824; x_wconf 80' lang='lat' dir='ltr'><strong>incomposito</strong></span> <span class='ocrx_word' id='word_1_75' title='bbox 1531 1741 1658 1804; x_wconf 84' lang='lat' dir='ltr'><strong>dixi</strong></span> <span class='ocrx_word' id='word_1_76' title='bbox 1687 1742 1847 1824; x_wconf 90' lang='lat' dir='ltr'><strong>pede</strong></span> <span class='ocrx_word' id='word_1_77' title='bbox 1888 1762 2139 1805; x_wconf 87' lang='lat' dir='ltr'><strong>currere</strong></span> <span class='ocrx_word' id='word_1_78' title='bbox 2168 1763 2382 1804; x_wconf 80' lang='lat' dir='ltr'><strong>versus</strong></span> 
     </span>
    </p>

    <p class='ocr_par' dir='ltr' id='par_1_15' title="bbox 793 1850 2278 1933">
     <span class='ocr_line' id='line_1_16' title="bbox 793 1850 2278 1933; baseline -0.001 -18"><span class='ocrx_word' id='word_1_79' title='bbox 793 1851 1042 1917; x_wconf 82' lang='lat' dir='ltr'><strong>Lucili:</strong></span> <span class='ocrx_word' id='word_1_80' title='bbox 1092 1851 1235 1933; x_wconf 78' lang='lat' dir='ltr'><strong>quis</strong></span> <span class='ocrx_word' id='word_1_81' title='bbox 1263 1858 1397 1913; x_wconf 83' lang='lat' dir='ltr'><strong>tam</strong></span> <span class='ocrx_word' id='word_1_82' title='bbox 1430 1850 1641 1913; x_wconf 87' lang='lat' dir='ltr'>Lucili</span> <span class='ocrx_word' id='word_1_83' title='bbox 1671 1851 1886 1914; x_wconf 79' lang='lat' dir='ltr'><strong>fautor</strong></span> <span class='ocrx_word' id='word_1_84' title='bbox 1914 1852 2129 1933; x_wconf 88' lang='lat' dir='ltr'><strong>inepte</strong></span> <span class='ocrx_word' id='word_1_85' title='bbox 2160 1858 2278 1928; x_wconf 81' lang='lat' dir='ltr'><strong>est,</strong></span> 
     </span>
    </p>

    <p class='ocr_par' dir='ltr' id='par_1_16' title="bbox 796 1959 2568 2146">
     <span class='ocr_line' id='line_1_17' title="bbox 796 1959 2568 2042; baseline -0.002 -16"><span class='ocrx_word' id='word_1_86' title='bbox 796 1963 894 2026; x_wconf 92' lang='lat' dir='ltr'><strong>Ut</strong></span> <span class='ocrx_word' id='word_1_87' title='bbox 923 1982 1053 2025; x_wconf 88' lang='lat' dir='ltr'><strong>non</strong></span> <span class='ocrx_word' id='word_1_88' title='bbox 1081 1961 1205 2024; x_wconf 87' lang='lat' dir='ltr'><strong>hoc</strong></span> <span class='ocrx_word' id='word_1_89' title='bbox 1234 1961 1514 2023; x_wconf 77' lang='lat' dir='ltr'><strong>fateatur</strong></span> <span class='ocrx_word' id='word_1_90' title='bbox 1534 1961 1563 2021; x_wconf 66' lang='grc' dir='ltr'><strong>’Β</strong></span> <span class='ocrx_word' id='word_1_91' title='bbox 1652 1962 1747 2024; x_wconf 83' lang='lat' dir='ltr'><strong>At</strong></span> <span class='ocrx_word' id='word_1_92' title='bbox 1775 1960 1965 2037; x_wconf 86' lang='lat' dir='ltr'><strong>idem,</strong></span> <span class='ocrx_word' id='word_1_93' title='bbox 2002 1960 2171 2042; x_wconf 89' lang='lat' dir='ltr'><strong>quod</strong></span> <span class='ocrx_word' id='word_1_94' title='bbox 2200 1960 2331 2023; x_wconf 78' lang='lat' dir='ltr'><strong>sale</strong></span> <span class='ocrx_word' id='word_1_95' title='bbox 2361 1959 2568 2022; x_wconf 89' lang='lat' dir='ltr'><strong>multo</strong></span> 
     </span>
     <span class='ocr_line' id='line_1_18' title="bbox 797 2069 2244 2146; baseline -0.002 -12"><span class='ocrx_word' id='word_1_96' title='bbox 797 2070 1041 2134; x_wconf 85' lang='lat' dir='ltr'><strong>Urbem</strong></span> <span class='ocrx_word' id='word_1_97' title='bbox 1075 2069 1390 2146; x_wconf 85' lang='lat' dir='ltr'><strong>defricuit,</strong></span> <span class='ocrx_word' id='word_1_98' title='bbox 1424 2069 1647 2132; x_wconf 79' lang='lat' dir='ltr'><strong>charta</strong></span> <span class='ocrx_word' id='word_1_99' title='bbox 1675 2070 1972 2132; x_wconf 84' lang='lat' dir='ltr'><strong>laudatur</strong></span> <span class='ocrx_word' id='word_1_100' title='bbox 2000 2069 2244 2132; x_wconf 86' lang='lat' dir='ltr'><strong>eadem.</strong></span> 
     </span>
    </p>

    <p class='ocr_par' dir='ltr' id='par_1_17' title="bbox 795 2178 2789 2486">
     <span class='ocr_line' id='line_1_19' title="bbox 795 2178 2789 2262; baseline -0.003 -17"><span class='ocrx_word' id='word_1_101' title='bbox 795 2182 939 2245; x_wconf 90' lang='lat' dir='ltr'><strong>Nec</strong></span> <span class='ocrx_word' id='word_1_102' title='bbox 968 2188 1185 2244; x_wconf 82' lang='lat' dir='ltr'><strong>tamen</strong></span> <span class='ocrx_word' id='word_1_103' title='bbox 1216 2180 1339 2243; x_wconf 90' lang='lat' dir='ltr'><strong>hoc</strong></span> <span class='ocrx_word' id='word_1_104' title='bbox 1357 2180 1646 2243; x_wconf 87' lang='lat' dir='ltr'><strong>tribuens</strong></span> <span class='ocrx_word' id='word_1_105' title='bbox 1665 2179 1947 2242; x_wconf 80' lang='lat' dir='ltr'><strong>dederim</strong></span> <span class='ocrx_word' id='word_1_106' title='bbox 1972 2200 2219 2262; x_wconf 88' lang='lat' dir='ltr'><strong>quoque</strong></span> <span class='ocrx_word' id='word_1_107' title='bbox 2240 2188 2489 2257; x_wconf 79' lang='lat' dir='ltr'><strong>cetera3</strong></span> <span class='ocrx_word' id='word_1_108' title='bbox 2522 2200 2670 2241; x_wconf 82' lang='lat' dir='ltr'><strong>nam</strong></span> <span class='ocrx_word' id='word_1_109' title='bbox 2697 2178 2789 2240; x_wconf 83' lang='lat' dir='ltr'><strong>sic</strong></span> 
     </span>
     <span class='ocr_line' id='line_1_20' title="bbox 797 2290 2789 2373; baseline -0.001 -20"><span class='ocrx_word' id='word_1_110' title='bbox 797 2292 885 2353; x_wconf 85' lang='lat' dir='ltr'><strong>Et</strong></span> <span class='ocrx_word' id='word_1_111' title='bbox 915 2291 1148 2355; x_wconf 84' lang='lat' dir='ltr'>Laberi</span> <span class='ocrx_word' id='word_1_112' title='bbox 1177 2290 1409 2354; x_wconf 85' lang='lat' dir='ltr'><strong>mimos</strong></span> <span class='ocrx_word' id='word_1_113' title='bbox 1435 2298 1514 2352; x_wconf 91' lang='lat' dir='ltr'><strong>ut</strong></span> <span class='ocrx_word' id='word_1_114' title='bbox 1543 2290 1809 2373; x_wconf 85' lang='lat' dir='ltr'><strong>pulchra</strong></span> <span class='ocrx_word' id='word_1_115' title='bbox 1836 2294 2132 2373; x_wconf 66' lang='lat' dir='ltr'><strong>poemata</strong></span> <span class='ocrx_word' id='word_1_116' title='bbox 2160 2290 2373 2353; x_wconf 87' lang='lat' dir='ltr'><strong>mirer.</strong></span> <span class='ocrx_word' id='word_1_117' title='bbox 2746 2291 2789 2351; x_wconf 88' lang='lat'>6</span> 
     </span>
     <span class='ocr_line' id='line_1_21' title="bbox 797 2401 2196 2486; baseline -0.003 -19"><span class='ocrx_word' id='word_1_118' title='bbox 797 2405 972 2486; x_wconf 86' lang='lat' dir='ltr'><strong>Ergo</strong></span> <span class='ocrx_word' id='word_1_119' title='bbox 999 2423 1131 2466; x_wconf 87' lang='lat' dir='ltr'><strong>non</strong></span> <span class='ocrx_word' id='word_1_120' title='bbox 1162 2402 1317 2465; x_wconf 77' lang='lat' dir='ltr'><strong>satis</strong></span> <span class='ocrx_word' id='word_1_121' title='bbox 1346 2408 1444 2465; x_wconf 84' lang='lat' dir='ltr'><strong>est</strong></span> <span class='ocrx_word' id='word_1_122' title='bbox 1472 2402 1607 2464; x_wconf 86' lang='lat' dir='ltr'><strong>risu</strong></span> <span class='ocrx_word' id='word_1_123' title='bbox 1637 2401 1935 2465; x_wconf 84' lang='lat' dir='ltr'>diducere</span> <span class='ocrx_word' id='word_1_124' title='bbox 1964 2402 2196 2464; x_wconf 88' lang='lat' dir='ltr'><strong>rictum</strong></span> 
     </span>
    </p>

    <p class='ocr_par' dir='ltr' id='par_1_18' title="bbox 794 2513 2676 2709">
     <span class='ocr_line' id='line_1_22' title="bbox 795 2513 2676 2598; baseline -0.004 -17"><span class='ocrx_word' id='word_1_125' title='bbox 795 2516 1129 2583; x_wconf 80' lang='lat' dir='ltr'><strong>Auditoris</strong></span> <span class='ocrx_word' id='word_1_126' title='bbox 1152 2542 1171 2594; x_wconf 80' lang='lat'>3</span> <span class='ocrx_word' id='word_1_127' title='bbox 1220 2524 1287 2580; x_wconf 90' lang='lat' dir='ltr'><strong>et</strong></span> <span class='ocrx_word' id='word_1_128' title='bbox 1315 2522 1413 2579; x_wconf 82' lang='lat' dir='ltr'><strong>est</strong></span> <span class='ocrx_word' id='word_1_129' title='bbox 1445 2514 1737 2597; x_wconf 78' lang='lat' dir='ltr'><strong>quaedam</strong></span> <span class='ocrx_word' id='word_1_130' title='bbox 1768 2522 1984 2578; x_wconf 84' lang='lat' dir='ltr'><strong>tamen</strong></span> <span class='ocrx_word' id='word_1_131' title='bbox 2014 2515 2122 2577; x_wconf 91' lang='lat' dir='ltr'><strong>hic</strong></span> <span class='ocrx_word' id='word_1_132' title='bbox 2153 2535 2407 2598; x_wconf 91' lang='lat' dir='ltr'><strong>quoque</strong></span> <span class='ocrx_word' id='word_1_133' title='bbox 2435 2513 2637 2575; x_wconf 87' lang='lat' dir='ltr'><strong>virtus</strong></span> <span class='ocrx_word' id='word_1_134' title='bbox 2658 2537 2676 2588; x_wconf 74' lang='grc' dir='ltr'><strong><em>ς</em></strong></span> 
     </span>
     <span class='ocr_line' id='line_1_23' title="bbox 794 2624 2415 2709; baseline -0.004 -17"><span class='ocrx_word' id='word_1_135' title='bbox 794 2630 915 2692; x_wconf 82' lang='lat' dir='ltr'><strong>Est</strong></span> <span class='ocrx_word' id='word_1_136' title='bbox 943 2627 1255 2690; x_wconf 80' lang='lat' dir='ltr'><strong>brevitate</strong></span> <span class='ocrx_word' id='word_1_137' title='bbox 1285 2647 1460 2709; x_wconf 63' lang='lat' dir='ltr'><strong>opus»,</strong></span> <span class='ocrx_word' id='word_1_138' title='bbox 1491 2632 1568 2687; x_wconf 88' lang='lat' dir='ltr'><strong>ut</strong></span> <span class='ocrx_word' id='word_1_139' title='bbox 1600 2632 1814 2688; x_wconf 82' lang='lat' dir='ltr'><strong>currat</strong></span> <span class='ocrx_word' id='word_1_140' title='bbox 1844 2624 2165 2687; x_wconf 83' lang='lat' dir='ltr'><strong>sententia</strong></span> <span class='ocrx_word' id='word_1_141' title='bbox 2192 2645 2318 2687; x_wconf 88' lang='lat' dir='ltr'><strong>neu</strong></span> <span class='ocrx_word' id='word_1_142' title='bbox 2348 2644 2415 2686; x_wconf 82' lang='lat' dir='ltr'><strong>se</strong></span> 
     </span>
    </p>

    <p class='ocr_par' dir='ltr' id='par_1_19' title="bbox 795 2735 2791 3149">
     <span class='ocr_line' id='line_1_24' title="bbox 796 2735 2791 2822; baseline -0.004 -20"><span class='ocrx_word' id='word_1_143' title='bbox 796 2738 1116 2822; x_wconf 84' lang='lat' dir='ltr'><strong>Impediat</strong></span> <span class='ocrx_word' id='word_1_144' title='bbox 1143 2737 1351 2801; x_wconf 81' lang='lat' dir='ltr'><strong>verbis</strong></span> <span class='ocrx_word' id='word_1_145' title='bbox 1379 2737 1571 2799; x_wconf 81' lang='lat' dir='ltr'><strong>lassas</strong></span> <span class='ocrx_word' id='word_1_146' title='bbox 1601 2736 2015 2800; x_wconf 84' lang='lat' dir='ltr'><strong>onerantibus</strong></span> <span class='ocrx_word' id='word_1_147' title='bbox 2045 2756 2227 2799; x_wconf 77' lang='lat' dir='ltr'><strong>aures</strong></span> <span class='ocrx_word' id='word_1_148' title='bbox 2250 2762 2269 2813; x_wconf 81' lang='lat'>3</span> <span class='ocrx_word' id='word_1_149' title='bbox 2710 2735 2791 2795; x_wconf 89' lang='lat'><strong>10</strong></span> 
     </span>
     <span class='ocr_line' id='line_1_25' title="bbox 795 2846 2424 2931; baseline -0.002 -19"><span class='ocrx_word' id='word_1_150' title='bbox 795 2851 883 2912; x_wconf 87' lang='lat' dir='ltr'><strong>Et</strong></span> <span class='ocrx_word' id='word_1_151' title='bbox 913 2870 1204 2912; x_wconf 84' lang='lat' dir='ltr'><strong>sermone</strong></span> <span class='ocrx_word' id='word_1_152' title='bbox 1236 2869 1394 2931; x_wconf 80' lang='lat' dir='ltr'><strong>opus</strong></span> <span class='ocrx_word' id='word_1_153' title='bbox 1426 2854 1524 2910; x_wconf 83' lang='lat' dir='ltr'><strong>est</strong></span> <span class='ocrx_word' id='word_1_154' title='bbox 1553 2846 1746 2910; x_wconf 87' lang='lat' dir='ltr'><strong>modo</strong></span> <span class='ocrx_word' id='word_1_155' title='bbox 1777 2847 1965 2923; x_wconf 82' lang='lat' dir='ltr'><strong>tristi,</strong></span> <span class='ocrx_word' id='word_1_156' title='bbox 1999 2867 2162 2929; x_wconf 86' lang='lat' dir='ltr'><strong>saepe</strong></span> <span class='ocrx_word' id='word_1_157' title='bbox 2183 2847 2424 2929; x_wconf 69' lang='lat' dir='ltr'><strong>jocom,</strong></span> 
     </span>
     <span class='ocr_line' id='line_1_26' title="bbox 797 2956 2435 3039; baseline -0.002 -18"><span class='ocrx_word' id='word_1_158' title='bbox 797 2958 1199 3021; x_wconf 86' lang='lat' dir='ltr'><strong>Defendente</strong></span> <span class='ocrx_word' id='word_1_159' title='bbox 1229 2956 1432 3019; x_wconf 82' lang='lat' dir='ltr'><strong>vicem</strong></span> <span class='ocrx_word' id='word_1_160' title='bbox 1463 2956 1656 3019; x_wconf 88' lang='lat' dir='ltr'><strong>modo</strong></span> <span class='ocrx_word' id='word_1_161' title='bbox 1686 2957 1958 3018; x_wconf 82' lang='lat' dir='ltr'><strong>rhetoris</strong></span> <span class='ocrx_word' id='word_1_162' title='bbox 1990 2965 2180 3039; x_wconf 84' lang='lat' dir='ltr'><strong>atque</strong></span> <span class='ocrx_word' id='word_1_163' title='bbox 2210 2960 2435 3038; x_wconf 67' lang='lat' dir='ltr'><strong>poetae,</strong></span> 
     </span>
     <span class='ocr_line' id='line_1_27' title="bbox 800 3065 2254 3149; baseline -0.003 -18"><span class='ocrx_word' id='word_1_164' title='bbox 800 3067 1140 3131; x_wconf 77' lang='lat' dir='ltr'><strong>Interdum</strong></span> <span class='ocrx_word' id='word_1_165' title='bbox 1170 3066 1418 3144; x_wconf 82' lang='lat' dir='ltr'><strong>urbani,</strong></span> <span class='ocrx_word' id='word_1_166' title='bbox 1450 3066 1768 3149; x_wconf 82' lang='lat' dir='ltr'><strong>parcentis</strong></span> <span class='ocrx_word' id='word_1_167' title='bbox 1797 3065 2034 3128; x_wconf 84' lang='lat' dir='ltr'><strong>viribus</strong></span> <span class='ocrx_word' id='word_1_168' title='bbox 2064 3074 2254 3148; x_wconf 81' lang='lat' dir='ltr'><strong>atque</strong></span> 
     </span>
    </p>

    <p class='ocr_par' dir='ltr' id='par_1_20' title="bbox 800 3173 2332 3239">
     <span class='ocr_line' id='line_1_28' title="bbox 800 3173 2332 3239; baseline -0.001 -1"><span class='ocrx_word' id='word_1_169' title='bbox 800 3175 1230 3239; x_wconf 79' lang='lat' dir='ltr'><strong>Extenuantis</strong></span> <span class='ocrx_word' id='word_1_170' title='bbox 1261 3195 1365 3238; x_wconf 74' lang='lat' dir='ltr'><strong>eas</strong></span> <span class='ocrx_word' id='word_1_171' title='bbox 1397 3175 1709 3238; x_wconf 83' lang='lat' dir='ltr'><strong>consultO.</strong></span> <span class='ocrx_word' id='word_1_172' title='bbox 1802 3173 2173 3236; x_wconf 87' lang='lat' dir='ltr'><strong>Ridiculum</strong></span> <span class='ocrx_word' id='word_1_173' title='bbox 2203 3174 2332 3237; x_wconf 78' lang='lat' dir='ltr'><strong>acri</strong></span> 
     </span>
    </p>

    <p class='ocr_par' dir='ltr' id='par_1_21' title="bbox 800 3276 2787 3478">
     <span class='ocr_line' id='line_1_29' title="bbox 802 3276 2787 3367; baseline -0.002 -19"><span class='ocrx_word' id='word_1_174' title='bbox 802 3286 1058 3349; x_wconf 81' lang='lat' dir='ltr'><strong>Fortius</strong></span> <span class='ocrx_word' id='word_1_175' title='bbox 1089 3293 1154 3348; x_wconf 88' lang='lat' dir='ltr'><strong>et</strong></span> <span class='ocrx_word' id='word_1_176' title='bbox 1178 3276 1410 3348; x_wconf 77' lang='lat' dir='ltr'><strong>melius</strong></span> <span class='ocrx_word' id='word_1_177' title='bbox 1438 3306 1705 3367; x_wconf 73' lang='lat' dir='ltr'><strong>magnas</strong></span> <span class='ocrx_word' id='word_1_178' title='bbox 1734 3283 2107 3367; x_wconf 88' lang='lat' dir='ltr'><strong>plerumque</strong></span> <span class='ocrx_word' id='word_1_179' title='bbox 2136 3291 2307 3347; x_wconf 85' lang='lat' dir='ltr'><strong>secat</strong></span> <span class='ocrx_word' id='word_1_180' title='bbox 2335 3305 2457 3346; x_wconf 77' lang='lat' dir='ltr'><strong>res·</strong></span> <span class='ocrx_word' id='word_1_181' title='bbox 2710 3284 2787 3345; x_wconf 88' lang='lat'><strong>15</strong></span> 
     </span>
     <span class='ocr_line' id='line_1_30' title="bbox 800 3395 2314 3478; baseline -0.001 -19"><span class='ocrx_word' id='word_1_182' title='bbox 800 3397 909 3459; x_wconf 89' lang='lat' dir='ltr'><strong>Illi</strong></span> <span class='ocrx_word' id='word_1_183' title='bbox 938 3396 1173 3478; x_wconf 84' lang='lat' dir='ltr'><strong>scripta</strong></span> <span class='ocrx_word' id='word_1_184' title='bbox 1204 3395 1435 3478; x_wconf 85' lang='lat' dir='ltr'><strong>quibus</strong></span> <span class='ocrx_word' id='word_1_185' title='bbox 1466 3395 1777 3458; x_wconf 86' lang='lat' dir='ltr'><strong>comoedia</strong></span> <span class='ocrx_word' id='word_1_186' title='bbox 1805 3395 2011 3477; x_wconf 81' lang='lat' dir='ltr'><strong>prisca</strong></span> <span class='ocrx_word' id='word_1_187' title='bbox 2037 3395 2188 3458; x_wconf 81' lang='lat' dir='ltr'><strong>viris</strong></span> <span class='ocrx_word' id='word_1_188' title='bbox 2217 3403 2314 3458; x_wconf 79' lang='lat' dir='ltr'><strong>est</strong></span> 
     </span>
    </p>

    <p class='ocr_par' dir='ltr' id='par_1_22' title="bbox 802 3505 2694 3699">
     <span class='ocr_line' id='line_1_31' title="bbox 802 3505 2694 3590; baseline -0.001 -22"><span class='ocrx_word' id='word_1_189' title='bbox 802 3507 953 3569; x_wconf 89' lang='lat' dir='ltr'><strong>Hoc</strong></span> <span class='ocrx_word' id='word_1_190' title='bbox 983 3505 1259 3582; x_wconf 78' lang='lat' dir='ltr'><strong>stabant,</strong></span> <span class='ocrx_word' id='word_1_191' title='bbox 1290 3505 1415 3569; x_wconf 87' lang='lat' dir='ltr'><strong>hoc</strong></span> <span class='ocrx_word' id='word_1_192' title='bbox 1444 3515 1596 3568; x_wconf 84' lang='lat' dir='ltr'><strong>sunt</strong></span> <span class='ocrx_word' id='word_1_193' title='bbox 1626 3506 1920 3569; x_wconf 77' lang='lat' dir='ltr'><strong>imitandi</strong></span> <span class='ocrx_word' id='word_1_194' title='bbox 1943 3532 1962 3583; x_wconf 76' lang='lat'>5</span> <span class='ocrx_word' id='word_1_195' title='bbox 2011 3528 2168 3589; x_wconf 84' lang='lat' dir='ltr'><strong>quos</strong></span> <span class='ocrx_word' id='word_1_196' title='bbox 2197 3528 2403 3590; x_wconf 89' lang='lat' dir='ltr'><strong>neque</strong></span> <span class='ocrx_word' id='word_1_197' title='bbox 2431 3507 2694 3590; x_wconf 84' lang='lat' dir='ltr'><strong>pulcher</strong></span> 
     </span>
     <span class='ocr_line' id='line_1_32' title="bbox 803 3615 2430 3699; baseline 0.002 -23"><span class='ocrx_word' id='word_1_198' title='bbox 803 3615 1243 3696; x_wconf 74' lang='lat' dir='ltr'><strong>Hermogenes</strong></span> <span class='ocrx_word' id='word_1_199' title='bbox 1271 3635 1581 3698; x_wconf 79' lang='lat' dir='ltr'><strong>umquam</strong></span> <span class='ocrx_word' id='word_1_200' title='bbox 1611 3616 1790 3698; x_wconf 87' lang='lat' dir='ltr'><strong>legit,</strong></span> <span class='ocrx_word' id='word_1_201' title='bbox 1821 3637 2028 3699; x_wconf 88' lang='lat' dir='ltr'><strong>neque</strong></span> <span class='ocrx_word' id='word_1_202' title='bbox 2059 3617 2281 3679; x_wconf 83' lang='lat' dir='ltr'><strong>simius</strong></span> <span class='ocrx_word' id='word_1_203' title='bbox 2311 3617 2430 3680; x_wconf 85' lang='lat' dir='ltr'><strong>iste</strong></span> 
     </span>
    </p>

    <p class='ocr_par' dir='ltr' id='par_1_23' title="bbox 798 3724 2487 3806">
     <span class='ocr_line' id='line_1_33' title="bbox 798 3724 2487 3806; baseline 0.002 -20"><span class='ocrx_word' id='word_1_204' title='bbox 798 3724 916 3786; x_wconf 89' lang='lat' dir='ltr'><strong>Nil</strong></span> <span class='ocrx_word' id='word_1_205' title='bbox 943 3733 1174 3806; x_wconf 83' lang='lat' dir='ltr'><strong>praeter</strong></span> <span class='ocrx_word' id='word_1_206' title='bbox 1203 3725 1472 3788; x_wconf 82' lang='lat' dir='ltr'><strong>Calvum</strong></span> <span class='ocrx_word' id='word_1_207' title='bbox 1503 3736 1569 3789; x_wconf 90' lang='lat' dir='ltr'><strong>et</strong></span> <span class='ocrx_word' id='word_1_208' title='bbox 1598 3726 1822 3790; x_wconf 82' lang='lat' dir='ltr'><strong>doctus</strong></span> <span class='ocrx_word' id='word_1_209' title='bbox 1853 3733 2109 3790; x_wconf 74' lang='lat' dir='ltr'><strong>cantare</strong></span> <span class='ocrx_word' id='word_1_210' title='bbox 2140 3728 2487 3792; x_wconf 83' lang='lat' dir='ltr'><strong>Catullum.</strong></span> 
     </span>
    </p>

    <p class='ocr_par' dir='ltr' id='par_1_24' title="bbox 799 3836 2796 4032">
     <span class='ocr_line' id='line_1_34' title="bbox 805 3836 2796 3921; baseline 0.002 -25"><span class='ocrx_word' id='word_1_211' title='bbox 805 3838 894 3897; x_wconf 91' lang='lat' dir='ltr'><strong>At</strong></span> <span class='ocrx_word' id='word_1_212' title='bbox 924 3856 1229 3917; x_wconf 81' lang='lat' dir='ltr'><strong>magnum</strong></span> <span class='ocrx_word' id='word_1_213' title='bbox 1259 3836 1438 3915; x_wconf 89' lang='lat' dir='ltr'><strong>fecit,</strong></span> <span class='ocrx_word' id='word_1_214' title='bbox 1470 3837 1642 3921; x_wconf 87' lang='lat' dir='ltr'><strong>quod</strong></span> <span class='ocrx_word' id='word_1_215' title='bbox 1671 3837 1878 3901; x_wconf 81' lang='lat' dir='ltr'><strong>verbis</strong></span> <span class='ocrx_word' id='word_1_216' title='bbox 1911 3838 2138 3902; x_wconf 76' lang='lat' dir='ltr'><strong>Graeca</strong></span> <span class='ocrx_word' id='word_1_217' title='bbox 2168 3838 2420 3902; x_wconf 82' lang='lat' dir='ltr'><strong>Latinis</strong></span> <span class='ocrx_word' id='word_1_218' title='bbox 2708 3839 2796 3900; x_wconf 85' lang='lat'><strong>20</strong></span> 
     </span>
     <span class='ocr_line' id='line_1_35' title="bbox 799 3944 2333 4032; baseline 0.004 -26"><span class='ocrx_word' id='word_1_219' title='bbox 799 3944 1089 4008; x_wconf 80' lang='lat' dir='ltr'><strong>Miscuit.</strong></span> <span class='ocrx_word' id='word_1_220' title='bbox 1182 3947 1242 4011; x_wconf 91' lang='grc' dir='ltr'>Ο</span> <span class='ocrx_word' id='word_1_221' title='bbox 1274 3948 1395 4011; x_wconf 85' lang='lat' dir='ltr'><strong>seri</strong></span> <span class='ocrx_word' id='word_1_222' title='bbox 1426 3947 1783 4010; x_wconf 83' lang='lat' dir='ltr'><strong>studiorum</strong></span> <span class='ocrx_word' id='word_1_223' title='bbox 1811 3948 1824 4010; x_wconf 89' lang='lat'>!</span> <span class='ocrx_word' id='word_1_224' title='bbox 1877 3948 2068 4030; x_wconf 90' lang='lat' dir='ltr'><strong>quine</strong></span> <span class='ocrx_word' id='word_1_225' title='bbox 2097 3950 2333 4032; x_wconf 82' lang='lat' dir='ltr'><strong>putetis</strong></span> 
     </span>
    </p>

    <p class='ocr_par' dir='ltr' id='par_1_25' title="bbox 802 4056 2374 4142">
     <span class='ocr_line' id='line_1_36' title="bbox 802 4056 2374 4142; baseline 0.003 -25"><span class='ocrx_word' id='word_1_226' title='bbox 802 4056 1074 4120; x_wconf 89' lang='lat' dir='ltr'><strong>Difficile</strong></span> <span class='ocrx_word' id='word_1_227' title='bbox 1104 4064 1169 4119; x_wconf 89' lang='lat' dir='ltr'><strong>et</strong></span> <span class='ocrx_word' id='word_1_228' title='bbox 1199 4057 1454 4134; x_wconf 89' lang='lat' dir='ltr'><strong>mirum,</strong></span> <span class='ocrx_word' id='word_1_229' title='bbox 1491 4058 1745 4122; x_wconf 84' lang='lat' dir='ltr'><strong>Rhodio</strong></span> <span class='ocrx_word' id='word_1_230' title='bbox 1776 4058 1945 4142; x_wconf 87' lang='lat' dir='ltr'><strong>quod</strong></span> <span class='ocrx_word' id='word_1_231' title='bbox 1979 4058 2374 4124; x_wconf 84' lang='lat' dir='ltr'><strong>Pitholeonti</strong></span> 
     </span>
    </p>

    <p class='ocr_par' dir='ltr' id='par_1_26' title="bbox 799 4166 2489 4252">
     <span class='ocr_line' id='line_1_37' title="bbox 799 4166 2489 4252; baseline 0.001 -22"><span class='ocrx_word' id='word_1_232' title='bbox 799 4166 1135 4248; x_wconf 84' lang='lat' dir='ltr'><strong>Contigit?</strong></span> <span class='ocrx_word' id='word_1_233' title='bbox 1226 4168 1318 4229; x_wconf 89' lang='lat' dir='ltr'><strong>At</strong></span> <span class='ocrx_word' id='word_1_234' title='bbox 1349 4189 1559 4232; x_wconf 87' lang='lat' dir='ltr'><strong>sermo</strong></span> <span class='ocrx_word' id='word_1_235' title='bbox 1589 4169 1811 4251; x_wconf 79' lang='lat' dir='ltr'><strong>lingua</strong></span> <span class='ocrx_word' id='word_1_236' title='bbox 1841 4170 2189 4233; x_wconf 80' lang='lat' dir='ltr'><strong>concinnus</strong></span> <span class='ocrx_word' id='word_1_237' title='bbox 2217 4178 2489 4252; x_wconf 79' lang='lat' dir='ltr'><strong>utraque</strong></span> 
     </span>
    </p>
   </div>
   <div class='ocr_carea' id='block_1_9' title="bbox 1607 4301 1983 4362">
    <p class='ocr_par' dir='ltr' id='par_1_27' title="bbox 1607 4301 1983 4362">
     <span class='ocr_line' id='line_1_38' title="bbox 1607 4301 1983 4362; baseline 0 -14"><span class='ocrx_word' id='word_1_238' title='bbox 1607 4304 1654 4348; x_wconf 82' lang='lat'><strong>2.</strong></span> <span class='ocrx_word' id='word_1_239' title='bbox 1695 4301 1715 4349; x_wconf 71' lang='grc' dir='ltr'><em>Ρ</em></span> <span class='ocrx_word' id='word_1_240' title='bbox 1741 4301 1983 4362; x_wconf 76' lang='lat' dir='ltr'><strong>ineptost.</strong></span> 
     </span>
    </p>
   </div>
  </div>
 </body>
</html>
