3025 4776
268 256 343 310 46

274 438 374 481 eat.
394 438 443 479 C.
462 439 501 481 8.
522 436 585 479 21.
605 436 671 481 11.

272 525 368 554 ου.
392 513 439 552 Ε.
462 513 500 553 1.
520 513 559 552 1.
579 514 644 553 06.

275 578 336 607 ω.
360 564 406 605 C.
426 565 464 605 4.
485 565 549 604 15.
570 563 633 604 12.

277 915 378 953 met.
402 911 442 952 S.
462 912 501 953 2.
520 910 560 951 2.
584 909 675 949 114.

283 1524 346 1553 ιο.
369 1511 415 1550 C.
436 1511 475 1551 2.
498 1510 558 1549 15.
580 1510 643 1549 20.

293 1972 328 2001 ι.
351 1958 456 1999 e.1.
478 1958 603 1999 1.16.

299 2653 335 2694 7.
356 2643 403 2683 C.
425 2643 462 2682 4.
485 2642 546 2682 13.
569 2642 630 2681 13.

298 3113 390 3165 laq.
411 3112 458 3155 C.
479 3114 518 3154 ².
540 3113 601 3153 18.
622 3113 661 3152 2.

305 3586 387 3626 lev.
408 3584 455 3626 C.
477 3586 514 3625 2.
538 3584 599 3624 11.
619 3586 657 3624 Θ.

309 3842 370 3883 17.
392 3833 439 3875 C.
460 3834 496 3874 1.
518 3834 555 3873 4.
576 3833 638 3872 15.

311 4189 372 4216 πο.
398 4175 444 4216 Ε.
468 4176 503 4215 1.
528 4175 587 4214 14.
612 4175 672 4214 13.

1072 248 1137 321 Q.
1209 248 1524 305 HORATI
1584 245 1879 305 FLACGJ

1047 412 1502 497 Praescriptnm
1533 419 1598 476 et
1627 410 1868 476 intonsi
1897 409 2163 474 Catonis

1132 524 1475 608 Auspiciis,
1507 531 1920 606 veterumque
1949 543 2193 586 norma.

962 661 1258 725 Privatus
1287 661 1415 725 illis
1445 682 1673 724 census
1703 668 1840 724 erat
1867 661 2097 739 brevis,

963 775 1322 838 Commune
1351 793 1702 854 magnum:
1750 772 1929 835 nulla
1958 771 2358 856 decempedis

1053 886 1307 948 Metata
1334 884 1596 966 privatis
1625 904 1889 966 opacam

1140 994 1437 1058 Porticus
1466 994 1821 1079 excipiebat
1849 996 2098 1059 Arcton
2120 1020 2139 1073 ;

967 1132 1110 1195 Nec
1138 1130 1478 1194 fortuitum
1508 1152 1803 1214 spernere
1833 1131 2157 1215 caespitem

968 1241 1176 1323 Leges
1205 1239 1525 1317 sinebant,
1557 1239 1791 1322 oppida
1818 1239 2075 1322 publico

1058 1349 1339 1431 Sumptu
1358 1349 1663 1432 jubentes
1691 1356 1758 1412 et
1787 1348 2053 1411 deorum

1142 1459 1406 1542 Templa
1432 1479 1597 1522 novo
1626 1459 1921 1523 decorare
1951 1482 2125 1523 saxu.

1613 1782 1800 1846 XVI.

976 1908 1210 1972 Ovum
1243 1905 1421 1971 divos
1449 1914 1637 1990 rogat
1665 1907 1737 1970 in
1764 1908 2012 1991 patenti

976 2020 1254 2082 Prensus
1284 2018 1534 2101 AEgae0‚
1566 2018 1761 2082 simul
1790 2026 1929 2082 atra
1958 2018 2164 2082 nubes

924 2188 933 2197 ,
978 2130 1281 2197 Condidit
1309 2133 1591 2210 Lunam,
1623 2152 1831 2215 neque
1861 2139 2036 2197 certa
2064 2133 2315 2216 fulgent

1326 2242 1552 2307 Sidera
1593 2243 1808 2307 nautis
1830 2269 1851 2323 ς

890 2370 896 2377 ’
980 2383 1209 2450 Otium
1237 2383 1407 2448 bello
1435 2383 1680 2450 furiosa
1707 2384 1975 2465 Thrace,

980 2496 1204 2561 Otium
1236 2497 1420 2560 Medi
1449 2497 1751 2581 pharetra
1779 2496 2016 2576 decori,

984 2607 1297 2691 Grosphe,
1330 2629 1462 2671 non
1492 2609 1764 2692 gemmis
1793 2631 2001 2694 neque
2030 2630 2313 2694 purpura
2356 2631 2460 2673 ve-

1329 2720 1476 2784 nale
1504 2742 1713 2803 neque
1744 2742 1920 2785 auro·

983 2855 1138 2920 Non
1169 2855 1342 2920 enim
1372 2877 1544 2940 gazae
1572 2877 1780 2939 neque
1810 2856 2159 2921 consularis

987 2968 1362 3032 Summovet
1389 2968 1578 3031 lictor
1606 2968 1869 3038 miseros
1898 2969 2218 3031 tumultus

986 3079 1254 3157 Mentis,
1287 3086 1354 3142 et
1385 3081 1589 3144 Curas
1618 3079 1915 3161 laqueata
1941 3079 2186 3142 circum

1333 3191 1530 3254 Tecta
1557 3187 1847 3252 volantis.
1911 3267 1917 3274 ¹

986 3325 1249 3390 Vivitur
1276 3348 1469 3410 parvo
1497 3326 1682 3405 bene,
1715 3326 1814 3390 cui
1848 3332 2189 3409 paternum

993 3436 1300 3520 Splendet
1327 3438 1395 3500 in
1424 3459 1649 3501 mensa
1676 3438 1859 3501 tenui
1889 3439 2165 3502 salinum
2193 3465 2206 3502 ε

990 3547 1133 3610 Nec
1161 3548 1330 3611 leves
1360 3569 1618 3612 somnos
1648 3548 1843 3613 timor
1871 3558 1983 3613 aut
2013 3549 2244 3634 cupido

1343 3659 1655 3724 Sordidus
1685 3661 1912 3725 aufert.

994 3797 1172 3865 Quid
1198 3797 1375 3861 brevi
1402 3797 1597 3861 fortes
1619 3796 1982 3881 jaculamur
2010 3817 2144 3860 aevo

993 3907 1212 3971 Multa
1234 3908 1264 3969 Ρ
1311 3903 1467 3990 quid
1494 3916 1701 3971 terras
1731 3907 1856 3971 alio
1886 3908 2165 3970 calentes

996 4020 1144 4084 Sole
1171 4017 1552 4083 mutamus?
1596 4018 1832 4083 Patriae
1862 4019 2005 4101 quis
2033 4017 2210 4082 exsul

1341 4132 1425 4194 Se
1457 4149 1712 4213 qnoque
1741 4128 1956 4212 fugit?

1478 4278 1584 4312 ιιι.
1612 4267 1690 4312 12.
1726 4265 1976 4313 volantes.

2678 2390 2714 2448 ΕΠ

2645 2970 2724 3029 10

2649 3552 2725 3611 15

2647 4129 2735 4190 20
