3025 4776
309 317 444 373 198·

351 1408 451 1525 Q.
561 1410 1096 1516 HORATI
1225 1410 1732 1516 FLAOCI
1857 1411 2661 1518 EPISTOLAE.

1054 1785 1402 1869 LIBER
1512 1785 1975 1870 PRIMUS.

1451 1972 1510 2036 Ι.

316 2124 596 2168 1.C.1.1.1.
740 2097 967 2158 Palm
996 2093 1165 2159 dicte
1194 2095 1376 2174 mihi,
1409 2117 1664 2159 summa
1691 2094 1959 2160 dicende
1988 2095 2295 2175 Camena,

739 2206 1114 2286 Spectatum
1144 2206 1298 2269 satis
1327 2213 1393 2269 et
1423 2206 1734 2272 donatum
1756 2206 1895 2290 jam
1924 2206 2084 2270 rude
2114 2207 2366 2289 quaeris‚

738 2314 1082 2393 Maecenas,
1117 2314 1352 2378 iterum
1385 2315 1650 2400 antiquo
1679 2337 1783 2379 me
1813 2317 2139 2380 includere
2169 2316 2357 2380 ludo:

310 2446 349 2484 ⁴·
372 2432 419 2472 C·
442 2434 478 2471 ⁴·
501 2433 562 2472 10-
583 2431 621 2472 ⁷·
738 2426 891 2489 Non
921 2426 1144 2490 eadem
1173 2434 1270 2490 est
1300 2433 1478 2506 aetas,
1507 2448 1639 2491 non
1671 2449 1871 2491 mens.
1968 2427 2289 2506 Veianius,
2322 2427 2515 2491 armis

304 2549 389 2597 fix.
411 2548 459 2587 C·
477 2551 515 2588 ³-
536 2550 599 2586 26-
618 2550 656 2587 ³·
740 2537 1040 2600 Herculis
1076 2536 1158 2600 ad
1189 2544 1434 2621 postem
1467 2538 1628 2616 fixis,
1659 2537 1820 2601 latet
1851 2537 2106 2601 abditus
2139 2558 2316 2620 agre,
2691 2539 2730 2598 5

736 2650 842 2712 Ne
871 2650 1181 2733 populum
1210 2659 1496 2714 extrema
1524 2650 1760 2714 totiens
1791 2658 2009 2715 exoret
2037 2650 2296 2714 harena.

735 2762 855 2823 Est
884 2760 1043 2823 mihi
1074 2768 1411 2843 purgatam
1443 2761 1667 2824 crebro
1697 2761 1808 2844 qui
1837 2767 2133 2845 personet
2163 2782 2418 2825 aurem:

738 2871 924 2934 Solve
952 2878 1387 2934 senescentem
1416 2878 1622 2935 matre
1651 2894 1843 2935 sanus
1872 2893 2128 2954 equum,
2157 2891 2240 2935 ne

737 2984 966 3046 Peccet
998 2982 1077 3045 ad
1107 2991 1465 3046 extremum
1494 2981 1799 3046 ridendus
1828 2990 1895 3046 et
1922 2982 2034 3045 ilia
2062 2982 2275 3045 ducat.

311 3132 374 3160 ιο.
398 3119 447 3159 E.
468 3120 505 3158 2.
525 3119 563 3158 2.
584 3119 647 3158 57.
739 3094 803 3157 N
807 3113 933 3155 unc
963 3093 1180 3175 itaque
1210 3100 1276 3155 et
1304 3114 1522 3156 versus
1552 3100 1618 3155 et
1649 3099 1858 3155 cetera
1887 3091 2135 3155 ludicra
2160 3112 2354 3175 pono,
2648 3092 2731 3154 10

739 3202 914 3267 Quid
942 3224 1161 3266 verum
1194 3213 1387 3286 atque
1418 3202 1648 3267 decens
1677 3223 1830 3266 curo
1860 3209 1926 3265 et
1949 3223 2105 3285 rogo
2135 3208 2201 3265 et
2231 3201 2440 3265 omnis
2491 3199 2559 3262 in
2609 3200 2731 3264 hoc

1076 3335 1219 3376 sum
1241 3339 1261 3392 3

314 3434 455 3473 mec.
478 3432 707 3473 E·2-1·⁸·
736 3422 962 3487 Condo
991 3430 1057 3487 et
1087 3445 1419 3508 compono,
1455 3444 1597 3508 quae
1626 3444 1775 3487 mox
1805 3422 2175 3507 depromere
2204 3423 2461 3507 possim.

735 3535 835 3598 Ac
865 3555 945 3598 ne
967 3534 1131 3599 forte
1160 3556 1363 3618 roges,
1398 3556 1525 3618 quo
1553 3556 1658 3599 me
1688 3535 1873 3614 duce,
1906 3557 2032 3618 quo
2059 3535 2193 3599 lare
2223 3542 2399 3599 tuter
2421 3561 2443 3614 3

292 3680 639 3731 jm·.1zp‚15‚4k
734 3644 1000 3707 Nullius
1030 3644 1319 3709 addictus
1343 3646 1563 3729 jurare
1592 3646 1662 3709 in
1692 3646 1882 3710 verba
1910 3645 2222 3729 magistri,

738 3755 886 3820 Quo
915 3776 1018 3819 me
1049 3777 1321 3839 cumque
1350 3756 1519 3840 rapit
1547 3763 1912 3840 tempestas,
1944 3756 2192 3820 deferor
2219 3756 2470 3840 hospes.
2652 3757 2731 3816 15

734 3866 932 3928 Nunc
962 3865 1147 3949 agilis
1175 3867 1260 3930 fio
1291 3875 1356 3930 et
1384 3888 1628 3930 mersor
1658 3866 1948 3930 civilibus
1978 3865 2192 3943 undis,

734 3977 1016 4041 Virtutis
1046 3998 1208 4041 verae
1238 3984 1452 4040 custos
1481 3977 1851 4060 rigidusque
1881 3976 2135 4039 satelles
2159 4001 2179 4053 3

309 4094 405 4136 Ari·
428 4094 477 4136 Ε·
499 4096 535 4135 ¹·
558 4096 705 4141 ¹⁷·233
735 4089 931 4151 Nunc
962 4088 1029 4149 in
1060 4086 1373 4169 Aristippi
1403 4086 1626 4149 furtim
1659 4095 1973 4170 praecepta
2001 4086 2268 4163 relabor,

541 4147 602 4186 18.
618 4147 706 4185 103.

733 4199 817 4261 Et
851 4197 1009 4261 mihi
1042 4218 1160 4274 res,
1195 4218 1324 4260 non
1355 4219 1457 4261 me
1488 4197 1677 4261 rebus
1707 4196 2090 4279 subjungere
2123 4216 2337 4258 conor.

998 4332 1045 4377 4.
1086 4328 1377 4377 ?ca‹lemst.
1516 4329 1562 4375 6.
1601 4331 1756 4377 toties
1778 4351 1789 4386 3
1830 4344 2000 4376 arena.
2141 4328 2216 4374 16.
2255 4341 2446 4374 versor.
