3025 4776
366 301 479 356 228

368 764 470 804 Cra.
494 764 535 805 S.
558 764 593 805 1.
613 765 651 806 4.
673 766 710 807 1.

355 1871 439 1900 cer.
464 1859 510 1900 C.
532 1861 570 1901 4.
591 1861 628 1901 1.
648 1862 711 1901 31.

342 3439 403 3481 ες.
428 3429 507 3480 Ep.
528 3431 566 3470 o.
589 3430 649 3470 1³.

330 3988 412 4029 obl.
435 3988 485 4029 E.
507 3989 544 4029 2.
569 3990 603 4029 1.
624 3988 715 4030 237.

327 4115 422 4156 uec,
440 4104 523 4156 Ep.
547 4105 607 4145 17.
628 4105 691 4146 72²..

1162 304 1225 375 Q.
1272 304 1588 362 HORATJ
1621 306 1910 363 HACCJ

1703 604 1893 668 XIX.

790 733 1036 797 Palsco
1068 734 1122 796 si
1153 735 1376 812 credis,
1410 737 1733 802 Maecenas
1763 738 1969 819 docte,
2004 742 2292 821 Cratin0,

788 844 994 907 Nulla
1024 845 1268 928 placere
1300 846 1411 909 diu
1443 868 1560 911 nec
1589 849 1797 912 vivere
1829 851 2112 913 carmina
2140 861 2426 934 possunt,

696 975 740 1036 ¹,
789 956 953 1021 Quae
985 956 1350 1019 scribuntur
1380 979 1561 1039 aquae
1591 959 1937 1041 potoribus,
2031 962 2127 1024 Ut
2158 963 2323 1025 male
2352 984 2538 1027 sanos

720 1100 728 1110 ·
786 1067 1141 1149 Adscripsit
1172 1067 1367 1132 Liber
1397 1069 1644 1151 Satyris
1675 1070 2036 1153 Faunisque
2065 1075 2307 1154 poetaS‚

781 1183 957 1244 Vina
985 1182 1115 1245 fere
1145 1181 1361 1245 dulces
1391 1183 1690 1244 oluerunt
1720 1204 1909 1246 mane
1941 1185 2259 1248 Camenae.

784 1292 1112 1355 Laudibus
1143 1293 1434 1374 arguitur
1461 1291 1591 1356 vini
1620 1293 1875 1356 vinosus
1907 1294 2272 1372 Homerus;

732 1449 741 1459 .
781 1403 1031 1465 Ennius
1060 1403 1194 1486 ipse
1223 1412 1403 1486 pater
1430 1425 1786 1486 numquam
1816 1404 1937 1466 nisi
1969 1412 2156 1487 potus
2188 1405 2266 1467 ad
2299 1427 2476 1468 arma

715 1565 723 1575 .
780 1511 1082 1574 Prosiluit
1113 1511 1399 1574 dicenda.
1493 1513 1732 1576 Forum
1765 1513 2116 1596 Putealque
2147 1515 2415 1578 Libonis

780 1621 1107 1685 Mandabo
1137 1622 1338 1700 siccis,
1373 1622 1650 1685 adimam
1681 1632 1939 1687 cantare
1968 1624 2238 1689 severis:

780 1732 927 1794 Hoc
956 1732 1147 1794 simul
1177 1732 1363 1810 edixi,
1395 1754 1527 1795 non
1559 1753 1878 1797 cessavere
1907 1738 2111 1816 poetae

776 1844 1114 1906 Nocturno
1146 1852 1389 1908 certare
1421 1866 1621 1921 mem,
1653 1853 1876 1928 putere
1907 1846 2159 1910 diurn0.

778 1953 973 2029 Quid,
1007 1955 1060 2017 si
1091 1955 1231 2037 quis
1261 1956 1441 2018 vultu
1475 1965 1655 2019 torvo
1684 1957 1854 2019 ferus
1886 1964 1951 2019 et
1982 1957 2139 2038 pede
2168 1957 2343 2022 nudo

774 2065 1163 2150 Exiguaeque
1194 2075 1361 2148 togae
1390 2067 1651 2129 simulet
1680 2075 1926 2130 textore
1959 2068 2295 2140 Catonem,

773 2176 1188 2240 Virtutemne
1217 2185 1629 2261 repraesentet
1659 2199 1992 2260 moresque
2023 2178 2286 2241 Catonis
2309 2180 2338 2240 ?

777 2286 975 2369 Rupit
1006 2287 1317 2351 Iarbitam
1349 2288 1716 2370 Timagenis
1747 2289 1980 2351 aemula
2011 2288 2250 2371 lingua,

774 2399 949 2460 Dum
979 2399 1196 2462 studet
1224 2399 1506 2462 urbanus
1538 2399 1869 2482 tenditque
1900 2399 2173 2462 disertus
2203 2399 2445 2465 haberi.

770 2509 1028 2591 Decipit
1057 2509 1376 2592 exemplar
1404 2510 1574 2572 vitiis
1603 2509 1911 2572 imitabile
1927 2535 1947 2587 ς
1995 2510 2167 2592 quod
2196 2511 2250 2573 si

772 2619 1085 2681 Pallerem
1117 2640 1285 2695 casu,
1318 2620 1613 2683 biberent
1644 2641 1966 2703 exsangue
1997 2622 2347 2684 cuminum.

769 2730 828 2792 O
860 2730 1231 2807 imitatores,
1266 2752 1518 2793 servum
1546 2751 1758 2813 pecus,
1791 2738 1865 2794 ut
1895 2731 2053 2793 mihi
2085 2752 2250 2815 saepe

767 2840 1002 2918 Bilem,
1033 2862 1195 2924 saepe
1217 2841 1440 2923 jocum
1471 2841 1665 2903 vestri
1699 2862 1950 2904 movere
1980 2842 2299 2905 tumultus
2328 2842 2342 2905 1

694 3012 704 3022 ,
768 2951 1001 3014 Lib‘era
1030 2973 1141 3034 per
1168 2973 1441 3014 vacuum
1472 2952 1652 3034 posui
1684 2952 1946 3034 vestigia
1975 2953 2289 3036 princeps,

764 3062 919 3123 Non
951 3061 1157 3124 aliena
1186 3082 1327 3124 meo
1358 3062 1552 3144 pressi
1583 3060 1761 3143 pede.
1856 3061 1986 3126 Qui
2016 3062 2137 3125 sibi
2168 3062 2331 3139 fidit,

766 3172 916 3234 Dux
947 3172 1111 3254 regit
1140 3192 1426 3234 examen.
1521 3172 1739 3234 Parios
1769 3192 1887 3254 ego
1915 3171 2160 3254 primus
2189 3171 2434 3236 iambos

766 3282 1037 3345 Ostendi
1071 3282 1281 3359 Latio,
1314 3303 1617 3345 numeros
1647 3283 2017 3363 animosque
2048 3289 2303 3345 secutus

762 3392 1153 3470 Archilochi,
1186 3414 1315 3456 non
1346 3415 1446 3455 res
1476 3399 1543 3455 et
1575 3392 1832 3474 agentia
1859 3390 2052 3455 verba
2083 3391 2470 3475 Lycamben.

760 3506 859 3567 Ac
889 3524 971 3566 ne
1001 3524 1103 3566 me
1133 3503 1301 3565 foliis
1330 3502 1474 3566 ideo
1503 3482 1896 3565 brevioribus
1924 3523 2131 3580 ornes,

763 3616 955 3681 Quod
983 3615 1172 3678 timui
1201 3623 1452 3678 mutare
1481 3612 1706 3676 modos
1738 3620 1804 3675 et
1835 3613 2135 3675 carminis
2166 3623 2369 3676 artem
2396 3639 2409 3678 :

760 3731 1099 3810 Temperat
1129 3724 1498 3788 Archilochi
1532 3725 1796 3786 Musam
1829 3722 1985 3806 pede
2016 3724 2297 3787 mascula
2328 3725 2604 3809 SapphO,

759 3842 1100 3921 Temperat
1131 3837 1405 3912 AlcaeuS‚
1438 3835 1547 3898 sed
1578 3834 1770 3897 rebus
1801 3840 1866 3896 et
1897 3833 2119 3897 ordine
2150 3834 2382 3918 dispar,

757 3953 901 4015 Nec
931 3969 1219 4012 socerum
1254 3947 1502 4030 quaerit,
1538 3966 1729 4028 quem
1759 3942 2043 4007 versibus
2073 3942 2317 4007 oblinat
2347 3945 2521 4024 atris,

755 4064 899 4125 Nec
929 4071 1175 4142 spon‘sae
1206 4058 1505 4140 laqueum
1535 4057 1779 4120 famoso
1809 4055 2089 4119 carmine
2120 4056 2344 4119 nectit.

757 4176 955 4237 Hunc
987 4192 1105 4253 ego
1137 4190 1268 4231 non
1300 4167 1424 4230 alio
1454 4168 1700 4230 dictum
1730 4167 1908 4249 prius
1939 4186 2047 4229 ore
2080 4166 2352 4229 Latinus

752 4286 815 4349 V
817 4284 1022 4368 olgavi
1056 4282 1284 4345 fidicen
1308 4307 1325 4359 ‚·
1365 4281 1549 4363 juvat
1581 4279 2023 4343 immemorata
2052 4278 2363 4343 ferentem

2695 1741 2780 1800 10

2689 2294 2771 2353 15

2680 2844 2772 2905 20

2673 3948 2766 4010 30
