3025 4776
1070 387 1081 397 .
1155 338 1310 395 ΑΕΒ
1342 339 1706 398 ΡΟΕΤΙΟΑ.
2079 367 2086 374 ·
2510 344 2621 404 247

328 500 646 580 Navibus,
676 520 802 565 aere
830 498 983 564 dato
1012 500 1124 583 qui
1152 501 1490 586 pingitur?
1536 503 1868 587 Amphora
1899 503 2095 588 eoepit

329 611 599 674 Institui
620 636 641 689 3
689 618 988 674 currente
1017 619 1162 674 rota
1189 632 1306 675 eur
1334 635 1565 678 urceus
1593 614 1774 677 exit?

326 722 623 805 Denique
652 721 737 785 sit
767 719 1015 803 quidvis
1044 721 1307 807 simplex
1341 723 1677 787 dumtaxat
1706 731 1773 788 et
1801 746 2025 788 unum.

329 832 620 896 Maxima
646 833 793 917 pars
821 839 1062 911 vatum,
1094 835 1275 916 pater
1304 842 1372 898 et
1393 835 1662 918 juvenes
1690 842 1871 919 patre
1912 835 2110 920 digni,

192 946 277 1006 25
327 942 702 1026 Decipimur
729 942 935 1026 specie
963 943 1162 1009 recti:
1207 943 1416 1009 brevis
1445 966 1582 1009 esse
1610 946 1851 1025 labore,

329 1052 658 1116 Obscurus
685 1052 772 1115 fio
792 1077 813 1130 3
859 1059 1214 1117 sectantem
1241 1055 1407 1119 levia
1434 1056 1615 1119 nervi

325 1165 656 1251 Deficiunt
685 1165 1009 1250 animique
1030 1192 1051 1245 3
1097 1167 1417 1251 professus
1446 1168 1714 1251 grandia
1742 1177 1999 1252 turget3
2111 1191 2118 1198 ²

329 1276 542 1359 Serpit
571 1274 754 1339 humi
781 1282 967 1340 tutus
995 1276 1272 1341 nimium
1302 1278 1695 1363 timidusque
1723 1280 2013 1363 proeellae
2036 1305 2055 1357 3

323 1387 455 1454 Qui
484 1386 725 1451 variare
756 1387 933 1471 cupit
960 1408 1097 1452 rem
1126 1388 1565 1473 prodigialiter
1594 1407 1812 1469 unam,

192 1497 284 1558 30
336 1495 723 1578 Delphinum
752 1496 926 1561 silvis
955 1498 1268 1582 appingit,
1300 1499 1602 1564 fluetibus
1631 1521 1876 1584 aprum.

329 1607 411 1669 In
442 1607 671 1698 vitium
699 1607 877 1671 ducit
907 1610 1111 1692 culpae
1139 1609 1312 1693 fuga,
1342 1610 1397 1673 si
1426 1618 1603 1675 caret
1630 1619 1788 1675 arte.
2218 1643 2282 1679 ³1.
2306 1629 2347 1671 s.
2370 1630 2405 1671 1.
2425 1631 2463 1670 z.
2482 1631 2548 1671 ιιι.

327 1721 665 1785 AEmilium
696 1722 865 1785 circa
891 1723 1118 1787 ludum
1147 1723 1326 1788 faber
1353 1745 1524 1787 unus
1553 1731 1620 1788 et
1650 1746 1897 1807 ungues
2221 1757 2322 1785 aaa.
2345 1745 2387 1786 s.
2407 1749 2445 1788 2.
2466 1750 2504 1788 a.
2525 1748 2588 1786 24.
2707 1764 2712 1768 ·

327 1833 681 1915 Exprimet,
713 1840 781 1897 et
810 1833 1020 1898 mollis
1046 1834 1408 1899 imitabitur
1435 1856 1561 1900 aere
1591 1835 1871 1918 capillos,

330 1943 568 2007 Infelix
596 1942 805 2027 operis
834 1966 1105 2023 summa,
1140 1945 1290 2027 quia
1316 1966 1553 2028 ponere
1582 1952 1797 2009 totum
2211 1972 2320 2012 tm·
2341 1962 2388 2002 C·
2409 1963 2447 2001 4-
2466 1966 2504 2002 8-
2524 1964 2563 2002 Β.

197 2059 282 2120 35
333 2055 614 2120 Nesciet.
707 2053 906 2117 Hunc
936 2075 1056 2137 ego
1087 2075 1213 2132 me,
1245 2054 1300 2118 si
1328 2053 1482 2137 quid
1511 2073 1893 2137 componere
1921 2073 2162 2131 eurem,

330 2168 483 2231 Non
512 2165 718 2249 magis
747 2186 884 2230 esse
914 2165 1103 2231 velim
1132 2187 1324 2248 quam
1353 2187 1510 2231 naso
1540 2165 1747 2229 vivere
1774 2185 1989 2249 prav0,

336 2275 770 2359 Spectandum
797 2275 997 2359 nigris
1027 2276 1228 2340 oeulis
1254 2275 1568 2360 nigroque
1598 2275 1844 2360 capillo,
2218 2307 2580 2359 ³7-C·1·³²-11·

332 2385 581 2451 Sumite
611 2387 945 2456 materiam
975 2387 1220 2467 vestris,
1254 2387 1364 2471 qui
1392 2386 1689 2465 scribitis,
1722 2408 1973 2471 aequam
2557 2370 2566 2375 ⁶

328 2497 594 2562 Viribus
624 2506 691 2563 et
719 2505 964 2562 versate
993 2498 1124 2576 diu,
1158 2498 1310 2580 quid
1338 2497 1502 2562 ferre
1531 2504 1846 2575 recusent,
2219 2521 2435 2563 romaz.
2458 2521 2493 2560 1.
2514 2522 2605 2562 259.

196 2613 288 2673 40
335 2608 508 2674 Quid
536 2608 792 2673 valeant
820 2607 1093 2678 humeri.
1185 2608 1308 2673 Cui
1336 2608 1503 2671 lecta
1530 2616 1826 2692 potenter
1852 2606 1975 2670 erit
2003 2627 2126 2684 res,

331 2721 471 2784 Nee
500 2718 798 2783 facundia
828 2718 1075 2783 deseret
1102 2719 1277 2782 hunc
1306 2739 1423 2783 nec
1451 2718 1702 2783 lucidus
1730 2718 1904 2782 ord0.

332 2829 594 2894 Ordinis
622 2828 761 2894 haec
789 2829 992 2893 virtus
1022 2828 1145 2893 erit
1174 2835 1241 2892 et
1268 2850 1488 2908 venus,
1522 2837 1636 2893 aut
1666 2849 1784 2912 ego
1812 2828 2019 2907 fallor,

334 2943 430 3005 Ut
452 2941 592 3024 jam
622 2960 794 3004 nunc
824 2939 995 3005 dicat
1017 2941 1151 3023 jam
1183 2961 1357 3004 nunc
1388 2939 1688 3005 debentia
1714 2940 1862 3018 dici,

329 3051 639 3134 Pleraque
668 3050 920 3115 differat
950 3058 1016 3115 et
1043 3071 1323 3134 praesens
1350 3051 1420 3114 in
1449 3060 1704 3134 tempus
1732 3050 1986 3115 omittat
2010 3076 2029 3128 3

196 3170 279 3231 45
333 3165 480 3230 Hoc
508 3173 699 3242 amet,
733 3164 854 3230 hoc
883 3173 1142 3250 spernat
1171 3166 1467 3249 promissi
1493 3165 1794 3229 carminis
1825 3173 2064 3229 auctor.
2212 3176 2310 3215 ΡΜ·
2337 3165 2495 3257 &ft-&¹33
2512 3165 2554 3255 {3

331 3277 415 3339 In
444 3274 651 3339 verbis
679 3274 875 3338 etiam
905 3275 1118 3339 tenuis
1148 3284 1500 3359 cautusque
1529 3274 1831 3353 serendis,

329 3385 585 3450 Dixeris
615 3385 889 3469 egregie,
921 3393 1148 3449 notum
1180 3386 1234 3450 si
1263 3385 1490 3450 callida
1517 3384 1781 3449 verbum

331 3495 709 3560 Reddiderit
732 3497 1044 3580 junctura
1071 3517 1331 3561 novum.
1425 3495 1495 3559 Si
1526 3495 1692 3559 forte
1721 3515 1975 3559 necesse
2004 3504 2100 3560 est

333 3605 601 3669 Iudiciis
630 3612 985 3669 monstrare
1015 3604 1375 3669 recentibus
1406 3604 1621 3669 abdita
1648 3625 1884 3683 rerum,

201 3719 303 3780 50·
335 3717 607 3798 Fingere
634 3714 936 3779 cinctutis
965 3735 1095 3778 non
1125 3714 1423 3778 exaudita
1450 3714 1755 3797 Cethegis
2223 3740 2313 3779 cet.
2341 3738 2385 3780 ε.
2407 3742 2445 3779 2.
2466 3740 2504 3779 ε.
2527 3739 2614 3780 117.

335 3825 709 3908 Continget,
740 3824 1122 3907 dabiturque
1151 3824 1410 3888 licentia
1437 3836 1694 3909 sumpta
1721 3824 2075 3908 pudenter3

335 3939 423 4001 Et
450 3957 616 4000 nova
642 3935 919 4019 fictaque
948 3957 1154 4020 nuper
1182 3936 1514 4000 habebunt
1543 3935 1734 3999 verba
1763 3935 1972 4013 fidem,
2005 3935 2060 3997 si

338 4048 566 4110 Graeco
594 4045 772 4108 fonte
801 4045 1051 4123 cadent,
1083 4067 1271 4130 parce
1299 4045 1568 4110 detorta.
1661 4044 1836 4110 Quid
1865 4053 2082 4108 autem

334 4156 593 4219 Caecilio
626 4155 985 4238 Plautoque
1017 4155 1194 4220 dabit
1227 4156 1558 4220 Romanus
1589 4155 1960 4239 ademptum

200 4334 285 4381 23.
321 4330 571 4393 quodvis3
607 4328 745 4390 quod
770 4329 859 4377 vis.
996 4329 1077 4378 32.
1112 4330 1262 4377 imus.
1363 4330 1442 4377 33.
1467 4331 1662 4379 molles.
1766 4332 1844 4378 «18.
1873 4330 1894 4377 Ρ
1919 4334 2196 4379 necessest.
