3025 4776
264 353 337 408 18

265 546 302 589 ς.
323 536 371 579 e.
392 538 430 579 3.
450 537 514 578 21.
535 537 599 577 ιο.

263 753 300 794 ’1-
321 743 370 786 0.
391 743 428 786 1.
448 743 511 785 1³.
531 743 594 785 10.

264 820 568 887 adama

388 895 427 935 4.
447 896 485 935 ε.
506 894 568 936 14.

262 967 569 1019 actua

347 1631 381 1672 0

415 1633 441 1673 ω

443 1662 453 1673 .
476 1632 537 1674 16.
558 1631 622 1673 19.

444 1737 454 1748 .
475 1708 539 1748 21.
561 1708 625 1749 15.

461 1788 471 1800 .
492 1759 530 1800 5.
552 1759 615 1799 16.

264 1645 282 1750 ΝΜ

288 1638 312 1749 Φυι

349 1707 383 1747 0

416 1709 442 1749 ω

358 1758 399 1798 Η

434 1758 455 1797 ..-

266 2316 301 2344 ι.
322 2301 429 2344 CA».
451 2302 487 2344 1.
507 2303 546 2343 5.

262 2748 343 2789 nie.
365 2748 414 2790 C.
431 2749 470 2790 3.
491 2748 551 2790 12.
571 2749 611 2789 8.

1059 350 1127 423 ρ.
1196 348 1515 407 HORATI
1571 347 1862 405 FLAcoz

688 512 852 580 Quis
873 518 1020 596 post
1040 512 1188 589 vina
1211 532 1466 596 gravem
1485 511 1786 576 militiam
1809 518 1921 574 aut
1934 494 2311 596 pauperiem
2333 521 2549 598 crepat
2567 515 2597 577 Ρ
2645 519 2684 579 5

688 624 852 690 Quis
872 645 1006 687 non
1023 630 1090 687 te
1107 623 1339 706 potius,
1365 621 1620 685 Bacche
1641 628 1843 704 pater,
1869 628 2082 705 teque,
2097 623 2325 688 decens
2334 626 2599 689 Venus?

685 737 780 799 At
807 756 892 799 ne
923 735 1067 817 quis
1093 734 1331 798 modici
1359 733 1679 796 transiliat
1709 753 1978 796 munera
2006 733 2246 812 Liberi,

687 846 1048 909 Centaurea
1073 851 1293 908 monet
1321 864 1470 908 cum
1501 842 1799 926 Lapithis
1826 844 1964 906 rixa
1992 865 2183 927 super
2212 866 2388 909 mero

688 955 1044 1033 Debellata,
1075 962 1298 1018 monet
1328 952 1645 1017 Sithoniis
1674 939 1807 1017 non
1836 953 1990 1017 levis
2019 954 2294 1034 Euhius,

689 1067 912 1133 Quum
939 1066 1037 1129 fas
1067 1072 1258 1148 atque
1285 1064 1465 1128 nefas
1494 1064 1725 1146 exiguo
1753 1064 1882 1127 fine
1909 1063 2251 1128 libidinum

686 1164 1082 1240 Discernunt
1113 1175 1305 1240 avidi.
1391 1175 1549 1239 Non
1578 1195 1700 1257 ego
1730 1182 1817 1252 te,
1850 1173 2115 1238 candide
2145 1175 2485 1252 Bassareu,

686 1287 975 1350 Invitum
1006 1286 1291 1370 quatiam
1318 1310 1331 1349 ε
1378 1306 1498 1349 nec
1528 1285 1716 1349 variis
1745 1284 1953 1349 obsita
1979 1276 2311 1349 frondibus

689 1395 827 1459 Sub
859 1395 1077 1458 divum
1105 1395 1368 1479 rapiam.
1464 1396 1646 1459 Saeva
1673 1402 1824 1459 tene
1855 1417 2004 1459 cum
2033 1396 2419 1480 Berecyntio

686 1505 906 1569 Cornu
933 1512 1262 1588 tympana,
1297 1525 1439 1587 quae
1468 1504 1882 1587 subsequitur
1911 1526 2116 1569 caecus
2145 1508 2352 1569 Amor
2380 1504 2501 1583 sui,

686 1615 775 1677 Et
805 1614 1035 1678 tollens
1064 1635 1334 1677 vacuum
1363 1614 1509 1697 plus
1539 1614 1741 1677 nimio
1774 1615 1998 1678 Gloria
2025 1615 2352 1695 verticem,

684 1723 1052 1806 Arcanique
1082 1723 1274 1787 Fides
1302 1723 1591 1807 prodiga,
1622 1725 2010 1808 perlucidior
2037 1726 2224 1790 vitro.

2604 1068 2688 1128 10

2601 1617 2682 1678 15

1592 2131 1782 2195 XIX.

860 2264 1113 2339 Mum
1142 2296 1307 2339 saeva
1335 2275 1752 2359 Cupidinum,

947 2385 1394 2469 Thebanaeque
1414 2385 1606 2471 jubet
1634 2408 1740 2451 me
1775 2387 2056 2453 Semeles
2085 2409 2264 2472 puer,

864 2499 953 2562 Et
984 2496 1214 2560 lasciva
1243 2496 1557 2574 Licentia,

950 2607 1185 2671 Finitis
1215 2606 1503 2670 animum
1533 2606 1800 2672 reddere
1830 2607 2174 2673 amoribus.

835 2717 1016 2782 'Urit
1043 2739 1148 2781 me
1181 2717 1474 2801 Glycerae
1502 2718 1679 2782 nitor
2644 2721 2683 2781 5

951 2828 995 2890 S
1000 2826 1361 2910 plendentis
1391 2828 1583 2892 Pario
1609 2848 1929 2891 marmore
1956 2827 2180 2911 purius
2208 2853 2221 2891 :

864 2935 1019 3000 Urit
1050 2943 1230 3019 grata
1260 2936 1657 3019 protervitas,

949 3046 1038 3108 Et
1066 3044 1275 3108 voltus
1303 3046 1580 3108 nimium
1609 3043 1894 3109 lubricus
1924 3044 2187 3128 adspici.

865 3156 952 3218 In
981 3175 1085 3218 me
1113 3162 1253 3218 tota
1278 3176 1472 3218 ruens
1502 3156 1727 3218 Venus

873 3264 878 3268 ’
954 3268 1240 3351 Cyprum
1271 3267 1586 3345 deseruit3
1633 3288 1754 3330 nec
1782 3268 2026 3351 patitur
2057 3268 2352 3353 Scythas,

864 3377 954 3441 Et
979 3378 1173 3441 versis
1204 3378 1565 3441 animosum
1594 3378 1773 3458 equis

952 3489 1267 3553 Parthum
1298 3489 1528 3566 dicere,
1560 3509 1680 3552 nec
1710 3510 1853 3571 quae
1882 3490 2044 3553 nihil
2074 3493 2372 3568 attinent,

868 3600 999 3664 Hic
1027 3601 1243 3664 vivum
1272 3599 1435 3662 mihi
1465 3599 1812 3683 caespitem,
1843 3599 1951 3664 hic

949 3712 1301 3790 Verbenas,
1331 3712 1536 3795 pueri,
1567 3712 1803 3794 ponite,
1834 3711 2152 3794 thuraque

866 3822 1042 3886 Bimi
1070 3843 1217 3886 cum
1246 3829 1467 3905 patera
1493 3822 1690 3885 meri:

954 3933 1249 3996 Mactata
1275 3931 1488 3995 veniet
1522 3931 1725 3995 lenior
1752 3931 1986 3995 hostia.

2571 3275 2688 3362 ‚10

2608 3831 2688 3891 15

896 4117 1047 4152 xvln.
1075 4101 1122 4153 7.
1153 4119 1229 4164 ac,
1256 4103 1315 4150 B.
1533 4114 1642 4151 xlx.
1679 4104 1755 4150 12.
1793 4102 2001 4150 attinet.
2139 4104 2218 4151 14.
2256 4106 2490 4166 turaque.
