3025 4776
357 235 468 291 172

354 3172 418 3220 78.
443 3169 484 3209 Β.
508 3171 542 3209 1.
563 3171 600 3208 4.
623 3170 685 3208 26.

434 3220 485 3260 E.
506 3220 542 3260 l.
566 3221 626 3258 18.
647 3220 712 3260 22.

351 3390 439 3430 cal.
460 3388 511 3430 Ε.
531 3390 568 3430 2.
590 3390 626 3429 1.
649 3389 735 3430 108.

353 3602 426 3643 eu.
450 3602 498 3643 Ε.
519 3603 556 3642 2.
578 3603 615 3641 2.
639 3601 726 3642 137.

1197 232 1264 303 Q.
1311 231 1628 289 HORATJ
1662 231 1948 287 FLACCJ

787 399 917 464 Qui
948 407 1013 462 te
1043 398 1310 475 deridet,
1343 398 1611 461 caudam
1643 398 1876 460 trahat.
1970 399 2088 460 Est
2119 419 2319 479 genus
2345 419 2549 461 unum

785 507 1093 571 Stultitiae
1121 508 1399 570 nihilum
1429 507 1774 571 metuenda
1801 508 2107 594 timentis,
2140 515 2216 571 ut
2245 508 2447 590 ignes,

783 621 881 683 Ut
910 639 1097 701 rupes
1127 618 1477 701 fluviosque
1508 619 1578 680 in
1608 639 1833 700 campo
1862 618 2115 681 obstare
2146 627 2491 700 queratur3
2690 619 2771 680 55

781 728 1080 791 Alterum
1110 737 1175 792 et
1203 729 1354 791 huic
1384 751 1606 792 varum
1638 736 1703 791 et
1733 728 1937 791 nihilo
1967 728 2316 810 sapientius
2347 729 2528 811 ignes

783 840 908 902 Per
935 838 1179 902 medios
1209 838 1559 922 fluviosque
1589 839 1870 902 ruentis:
1920 839 2153 902 clamet
2184 839 2389 901 amica

780 949 1017 1026 Mater,
1051 950 1322 1013 honesta
1351 972 1528 1014 soror
1557 972 1705 1014 cum
1735 951 2046 1033 cognatis,
2077 958 2280 1032 pater,
2310 972 2471 1012 uxor
2497 975 2511 1014 ε

784 1059 913 1122 Hic
942 1059 1110 1122 fossa
1138 1068 1236 1123 est
1264 1060 1512 1142 ingens,
1543 1061 1648 1122 hic
1677 1081 1865 1142 rupes
1895 1061 2174 1123 maxima
2195 1085 2213 1137 3
2260 1081 2439 1123 serva.
2466 1060 2480 1122 1

780 1168 937 1231 Non
966 1170 1171 1252 magis
1202 1170 1499 1247 audierit,
1534 1191 1726 1252 quam
1757 1171 1980 1234 Fufius
2009 1171 2223 1234 ebrius
2252 1171 2428 1248 olim,
2690 1172 2776 1231 60

782 1281 949 1344 Cum
981 1281 1257 1343 Ilionam
1288 1280 1581 1358 edormit,
1613 1280 1896 1342 Catienis
1924 1281 2099 1343 mille
2139 1280 2432 1344 ducentis

783 1391 1021 1468 Mater,
1053 1398 1118 1453 te
1151 1391 1415 1473 appe110,
1448 1390 1891 1454 clamantibus.
1986 1392 2162 1455 Huic
2192 1412 2311 1474 ego
2338 1391 2560 1473 volgus

781 1499 1000 1562 Errori
1031 1500 1303 1563 similem
1334 1508 1641 1564 cunctum
1668 1501 1947 1563 insanire
1976 1501 2235 1564 docebo·

782 1609 1035 1672 Insanit
1064 1618 1306 1673 veteres
1336 1618 1582 1673 statuas
1613 1612 2040 1694 Damasippus
2070 1610 2376 1674 emendo:

784 1720 1047 1801 Integer
1075 1727 1173 1782 est
1201 1720 1436 1782 mentis
1465 1721 1840 1803 Damasippi
1865 1720 2156 1784 creditor.
2247 1721 2427 1783 Esto.
2689 1721 2771 1781 65

783 1828 1022 1911 Accipe
1052 1829 1223 1909 quod
1251 1850 1582 1911 nunquam
1611 1829 1837 1892 reddas
1867 1829 2048 1907 mihi,
2080 1830 2133 1891 si
2163 1829 2283 1892 tibi
2312 1829 2542 1906 dicam,

784 1940 967 2002 Tune
994 1938 1255 2002 insanus
1285 1940 1430 2017 eris,
1463 1940 1515 2002 si
1547 1940 1903 2022 acceperis?
1952 1960 2033 2001 an
2063 1940 2267 2021 magis
2298 1959 2514 2002 excors

786 2048 1053 2130 Rejecta
1082 2048 1314 2131 praeda,
1348 2070 1539 2130 quam
1570 2070 1846 2131 praesens
1876 2046 2236 2111 Mercurius
2267 2047 2440 2111 fert?

787 2157 1008 2220 Scribe
1038 2158 1257 2221 decem
1289 2180 1326 2220 a
1354 2159 1559 2221 Nerio
1581 2184 1600 2234 3
1646 2179 1777 2221 non
1808 2165 1904 2221 est
1934 2157 2086 2220 satis
2114 2183 2127 2221 :
2177 2157 2336 2221 adde
2366 2158 2614 2221 Cicutae

782 2267 1034 2330 Nodosi
1061 2267 1312 2331 tabulas
1343 2280 1626 2345 centum,
1657 2268 1834 2330 mille
1865 2267 2023 2330 adde
2054 2275 2310 2331 catenas
2333 2293 2351 2345 ς
2690 2270 2774 2332 70

782 2377 1067 2461 Effugiet
1094 2384 1311 2441 tamen
1339 2376 1481 2441 haec
1510 2376 1852 2441 sceleratus
1882 2377 2133 2440 vincula
2160 2379 2453 2442 Proteus.

783 2488 952 2550 Cum
980 2488 1185 2571 rapies
1213 2489 1284 2551 in
1304 2489 1413 2571 jus
1444 2488 1628 2550 malis
1657 2487 1973 2552 ridentem
2005 2488 2249 2566 alienis,

783 2597 926 2660 Fiet
957 2618 1125 2679 aper,
1157 2596 1347 2660 modo
1377 2597 1532 2673 avis,
1563 2597 1753 2660 modo
1782 2618 2028 2673 saxum,
2061 2604 2126 2659 et
2155 2619 2302 2661 cum
2331 2598 2503 2661 volet
2534 2597 2743 2662 arbor.

787 2706 858 2769 Si
889 2707 1053 2770 male
1083 2727 1218 2769 rem
1248 2727 1466 2788 gerere
1494 2707 1706 2768 insani
1736 2714 1855 2784 est,
1888 2715 2112 2770 contra
2140 2707 2301 2771 bene
2333 2708 2510 2786 sani3

783 2817 1081 2881 Putidius
1111 2818 1316 2880 multo
1345 2817 1676 2880 cerebrum
1707 2825 1825 2895 est,
1855 2817 2014 2880 mihi
2046 2817 2250 2895 crede,
2300 2818 2517 2882 Perilli
2693 2824 2771 2884 75

782 2927 1124 3004 DictantiS,
1159 2926 1328 3009 quod
1357 2934 1431 2989 tu
1459 2947 1810 3008 numquam
1841 2926 2183 2989 rescribere
2212 2927 2430 3009 possis.

780 3036 1024 3100 Audire
1056 3044 1247 3118 atque
1276 3044 1494 3118 togam
1519 3036 1717 3118 jubeo
1747 3055 2147 3117 componere,
2181 3037 2465 3119 quisquis

780 3147 1153 3210 Ambitione
1182 3147 1352 3209 mala
1381 3153 1491 3208 aut
1523 3144 1766 3227 argenti
1796 3144 1990 3226 pallet
2021 3166 2255 3224 amore,

785 3258 1090 3340 Quisquis
1118 3236 1371 3320 luxuria
1398 3256 1642 3319 tristive
1672 3256 2120 3339 superstitione

780 3369 918 3432 Aut
948 3368 1072 3430 alio
1100 3366 1336 3429 mentis
1365 3364 1591 3429 morbo
1620 3366 1784 3428 calet
1812 3391 1826 3438 ;
1872 3365 1999 3429 huc
2028 3366 2284 3448 propius
2314 3387 2440 3445 me,
2691 3367 2776 3429 80

780 3477 957 3540 Dum
988 3476 1181 3540 doceo
1209 3474 1488 3537 insanire
1518 3494 1760 3551 omnes,
1792 3495 1902 3538 vos
1930 3474 2150 3538 ordine
2181 3474 2370 3538 adite.

780 3585 1012 3649 Danda
1040 3593 1138 3648 est
1166 3584 1425 3648 ellebori
1454 3585 1661 3648 multo
1692 3606 1838 3667 pars
1867 3586 2149 3648 maxima
2178 3586 2378 3648 avaris
2399 3610 2420 3663 3

780 3697 1020 3761 Nescio
1049 3717 1133 3759 an
1162 3696 1542 3779 Anticyram
1572 3696 1739 3759 ratio
1768 3696 1892 3758 illis
1921 3695 2195 3759 destinet
2239 3716 2518 3760 omnem.

785 3806 1075 3870 Heredes
1109 3806 1359 3869 Staberi
1389 3828 1708 3869 summam
1738 3805 2020 3869 incidere
2051 3807 2380 3890 sepulcro:
2615 3886 2618 3889 Ι

783 3917 877 3981 Νἰ
908 3917 997 3980 sic
1025 3916 1345 3994 fecissent,
1378 3916 1803 4000 gladiatorum
1834 3916 1985 3979 dare
2014 3924 2272 3979 centum
2692 3918 2773 3979 85

783 4028 1089 4093 Damnati
1119 4028 1351 4111 populo
1379 4026 1555 4109 paria
1584 4034 1774 4109 atque
1804 4027 2064 4109 epuJum
2094 4026 2355 4090 arbitrio
2384 4025 2558 4102 Arri,

784 4162 863 4211 59.
899 4160 924 4210 Ρ
951 4162 1154 4210 fossast.
1290 4162 1372 4209 62.
1406 4161 1609 4221 vulgus.
1743 4158 1824 4210 74.
1864 4162 2146 4210 Pinsanist.
2287 4158 2367 4210 ¹75.
2396 4160 2776 4209 1’cerebrumst.

1609 4228 1688 4275 82.
1724 4227 1987 4277 hellebori.
