3025 4776
333 1022 417 1083 10

328 2819 412 2881 10

321 3399 402 3459 15

316 3975 408 4036 20

314 4134 362 4181 2.
400 4132 665 4196 lugubres,

1087 282 1533 343 CARMINUM
1601 288 1759 349 LIB.
1802 291 1853 346 I.
1899 294 2053 350 xxiv.

598 447 771 511 Nam
800 469 913 513 seu
942 450 1288 537 mobilibus
1317 455 1480 518 veris
1509 455 1829 522 inhorruit

540 575 544 578 ⁴
598 557 934 623 Adventus
962 560 1153 640 foliis,
1186 584 1300 627 seu
1329 564 1559 629 virides
1589 567 1825 632 rubum

683 669 1023 735 Dimovere
1052 673 1329 753 lacertae,

766 781 855 844 Et
886 781 1074 846 corde
1103 790 1168 846 et
1198 784 1469 867 genibus
1497 788 1741 854 tremit.

598 912 800 997 Atqui
827 937 960 980 non
988 939 1108 1001 ego
1138 925 1225 998 te,
1256 919 1442 1003 tigris
1470 930 1546 985 ut
1577 944 1797 1007 aspera

601 1025 967 1091 Gaetulusve
996 1028 1118 1106 leo,
1151 1029 1442 1113 frangere
1469 1054 1853 1117 persequor:

684 1135 966 1201 Tandem
996 1138 1211 1203 desine
1240 1148 1515 1206 matrem

768 1246 1166 1332 Tempestiva
1193 1252 1375 1334 sequi
1404 1252 1562 1317 viro.

1200 1634 1453 1699 XXIV.

600 1779 769 1844 Qms
800 1777 1114 1843 desiderio
1144 1780 1229 1844 sit
1256 1781 1463 1865 pudor
1493 1791 1607 1847 aut
1635 1785 1866 1850 modus

596 1888 751 1951 Tam
779 1891 908 1952 cari
938 1890 1216 1974 capitis?
1306 1893 1590 1977 Praecipe
1618 1895 1910 1978 lugubris

596 1997 836 2063 Cantus
866 2002 1300 2085 Melpomene,
1333 2004 1435 2067 cui
1464 2004 1776 2089 liquidam
1804 2009 2003 2072 Pater

674 2108 918 2175 Vocem
949 2130 1097 2174 cum
1128 2113 1372 2177 cithara
1400 2115 1597 2182 dedit.

589 2243 761 2327 Ergo
792 2245 1221 2312 Quinctilium
1250 2259 1591 2335 perpetuus
1621 2273 1808 2337 sopor

592 2355 835 2438 Urget!
887 2357 992 2421 cui
1022 2358 1261 2439 Pudor,
1294 2369 1359 2425 et
1390 2364 1432 2426 J
1435 2363 1676 2427 ustitiae
1704 2385 1904 2445 soror,

592 2464 974 2549 Incorrupta
1002 2469 1211 2548 Fides,
1245 2471 1544 2555 nudaque
1574 2475 1834 2538 Veritas

673 2576 950 2642 Quando
977 2580 1185 2644 ullum
1214 2582 1497 2648 inveniet
1526 2607 1746 2668 parem
1765 2588 1796 2649 ⁴?

584 2709 818 2775 Multis
848 2713 955 2777 ifle
977 2715 1165 2778 bonis
1193 2717 1420 2783 flebilis
1450 2721 1687 2784 occidit
1714 2746 1727 2785 :

502 2902 506 2906 ἢ
586 2820 771 2883 Num
798 2822 1093 2902 flebffior,
1126 2847 1320 2907 quam
1349 2827 1488 2906 tibi,
1524 2830 1780 2913 virgili.

586 2932 682 2996 Tu
710 2933 953 2997 frustra
978 2935 1141 3018 piuS,
1174 2936 1306 3000 heu
1332 2938 1346 3001 1
1397 2960 1531 3003 non
1557 2940 1653 3004 ita
1681 2941 1996 3007 creditum

667 3043 889 3107 Poscis
920 3045 1350 3111 Quinctilium
1380 3045 1552 3112 deos,

586 3178 776 3246 Quod
805 3179 859 3242 si
888 3179 1184 3244 Threicio
1213 3181 1509 3245 blandius
1541 3184 1800 3267 Orpheo

581 3288 889 3352 Auditam
920 3289 1250 3354 moderere
1279 3290 1609 3356 arboribus
1639 3294 1851 3371 fidem,

580 3399 734 3462 Non
762 3420 941 3464 vanae
971 3400 1190 3465 redeat
1220 3403 1479 3484 sanguis
1506 3402 1794 3486 imagini,

668 3511 881 3577 Quam
910 3511 1088 3594 virga
1116 3513 1312 3576 semel
1340 3501 1619 3593 horrida,

579 3643 732 3707 Non
761 3641 923 3708 leniis
951 3647 1247 3730 precibus
1274 3649 1408 3714 fata
1446 3651 1793 3732 recludere,

578 3753 784 3838 Nigro
814 3758 1193 3841 compulerit
1221 3760 1587 3826 Mercurius
1617 3766 1818 3848 gregi.

580 3861 833 3928 Durum
861 3866 877 3929 l
933 3867 1060 3930 Sed
1087 3867 1287 3933 levius
1316 3871 1391 3954 fit
1420 3873 1749 3956 patientia,

669 3976 1002 4058 Quidquid
1032 3980 1346 4064 corrigere
1376 3992 1473 4046 est
1504 3985 1703 4048 nefas.

800 4135 845 4184 5.
873 4138 1196 4197 Quintilium.
1333 4144 1410 4193 10.
1446 4145 1660 4208 Vergili,
1687 4146 1744 4196 B.

1881 4145 1959 4194 15.
1996 4162 2136 4209 num,
2162 4149 2219 4198 B.
2246 4152 2310 4198 K.

2698 306 2768 361 21

2346 3240 2406 3278 ¹³·
2428 3226 2476 3269 O.
2497 3229 2534 3270 1.
2556 3229 2617 3269 12.
2639 3230 2700 3270 11.

2345 3578 2405 3616 16.
2427 3573 2475 3616 C.
2498 3577 2534 3617 1.
2556 3576 2617 3615 10.
2641 3575 2702 3616 18.
