<?xml version="1.0" encoding="UTF-8"?>
<!DOCTYPE html PUBLIC "-//W3C//DTD XHTML 1.0 Transitional//EN"
    "http://www.w3.org/TR/xhtml1/DTD/xhtml1-transitional.dtd">
<html xmlns="http://www.w3.org/1999/xhtml" xml:lang="en" lang="en">
 <head>
  <title>
</title>
<meta http-equiv="Content-Type" content="text/html;charset=utf-8" />
  <meta name='ocr-system' content='tesseract 3.04.00' />
  <meta name='ocr-capabilities' content='ocr_page ocr_carea ocr_par ocr_line ocrx_word'/>
</head>
<body>
  <div class='ocr_page' id='page_1' title='image "./quintihoratifla03horagoog_0189.png"; bbox 0 0 3025 4776; ppageno 0'>
   <div class='ocr_carea' id='block_1_1' title="bbox 982 252 2668 316">
    <p class='ocr_par' dir='ltr' id='par_1_1' title="bbox 982 252 2668 316">
     <span class='ocr_line' id='line_1_1' title="bbox 982 252 2668 316; baseline 0.002 -5"><span class='ocrx_word' id='word_1_1' title='bbox 982 254 1451 311; x_wconf 76' lang='lat' dir='ltr'><em>SATJRARUM</em></span> <span class='ocrx_word' id='word_1_2' title='bbox 1521 253 1676 310; x_wconf 83' lang='lat' dir='ltr'><strong><em>LIB.</em></strong></span> <span class='ocrx_word' id='word_1_3' title='bbox 1742 253 1794 314; x_wconf 85' lang='grc' dir='ltr'><strong>Ι.</strong></span> <span class='ocrx_word' id='word_1_4' title='bbox 1857 252 1933 309; x_wconf 87' lang='lat' dir='ltr'><strong>ix.</strong></span> <span class='ocrx_word' id='word_1_5' title='bbox 2557 256 2668 316; x_wconf 82' lang='lat'><strong>157</strong></span> 
     </span>
    </p>
   </div>
   <div class='ocr_carea' id='block_1_2' title="bbox 262 416 2256 2365">
    <p class='ocr_par' dir='ltr' id='par_1_2' title="bbox 396 416 2221 611">
     <span class='ocr_line' id='line_1_2' title="bbox 396 416 2221 501; baseline 0 -21"><span class='ocrx_word' id='word_1_6' title='bbox 396 419 439 480; x_wconf 87' lang='lat' dir='ltr'><strong>J</strong></span> <span class='ocrx_word' id='word_1_7' title='bbox 444 439 548 481; x_wconf 87' lang='lat' dir='ltr'><strong>am</strong></span> <span class='ocrx_word' id='word_1_8' title='bbox 581 416 861 501; x_wconf 87' lang='lat' dir='ltr'><strong>peritura</strong></span> <span class='ocrx_word' id='word_1_9' title='bbox 886 417 1112 481; x_wconf 89' lang='lat' dir='ltr'><strong>modis.</strong></span> <span class='ocrx_word' id='word_1_10' title='bbox 1202 419 1494 481; x_wconf 80' lang='lat' dir='ltr'><strong>Hecaten</strong></span> <span class='ocrx_word' id='word_1_11' title='bbox 1526 424 1709 482; x_wconf 83' lang='lat' dir='ltr'><strong>vocat</strong></span> <span class='ocrx_word' id='word_1_12' title='bbox 1739 418 1958 493; x_wconf 85' lang='lat' dir='ltr'><strong>altera,</strong></span> <span class='ocrx_word' id='word_1_13' title='bbox 1989 437 2221 480; x_wconf 86' lang='lat' dir='ltr'><strong>saevam</strong></span> 
     </span>
     <span class='ocr_line' id='line_1_3' title="bbox 396 528 1950 611; baseline 0 -20"><span class='ocrx_word' id='word_1_14' title='bbox 396 528 622 591; x_wconf 87' lang='lat' dir='ltr'><strong>Altera</strong></span> <span class='ocrx_word' id='word_1_15' title='bbox 650 529 1036 611; x_wconf 81' lang='lat' dir='ltr'>Tisiphonen</span> <span class='ocrx_word' id='word_1_16' title='bbox 1063 554 1076 592; x_wconf 90' lang='lat'>:</span> <span class='ocrx_word' id='word_1_17' title='bbox 1127 536 1454 611; x_wconf 79' lang='lat' dir='ltr'><strong>serpentes</strong></span> <span class='ocrx_word' id='word_1_18' title='bbox 1484 537 1676 610; x_wconf 88' lang='lat' dir='ltr'><strong>atque</strong></span> <span class='ocrx_word' id='word_1_19' title='bbox 1705 528 1950 592; x_wconf 84' lang='lat' dir='ltr'><strong>videres</strong></span> 
     </span>
    </p>

    <p class='ocr_par' dir='ltr' id='par_1_3' title="bbox 262 637 1968 721">
     <span class='ocr_line' id='line_1_4' title="bbox 262 637 1968 721; baseline 0 -21"><span class='ocrx_word' id='word_1_20' title='bbox 262 640 348 700; x_wconf 84' lang='lat'><strong>35</strong></span> <span class='ocrx_word' id='word_1_21' title='bbox 397 639 691 702; x_wconf 80' lang='lat' dir='ltr'><strong>Infernas</strong></span> <span class='ocrx_word' id='word_1_22' title='bbox 720 660 929 702; x_wconf 89' lang='lat' dir='ltr'><strong>errare</strong></span> <span class='ocrx_word' id='word_1_23' title='bbox 960 659 1168 717; x_wconf 87' lang='lat' dir='ltr'><strong>canes,</strong></span> <span class='ocrx_word' id='word_1_24' title='bbox 1197 639 1581 721; x_wconf 84' lang='lat' dir='ltr'><strong>Lunamque</strong></span> <span class='ocrx_word' id='word_1_25' title='bbox 1609 637 1968 715; x_wconf 90' lang='lat' dir='ltr'><strong>rubentem,</strong></span> 
     </span>
    </p>

    <p class='ocr_par' dir='ltr' id='par_1_4' title="bbox 396 747 2256 1159">
     <span class='ocr_line' id='line_1_5' title="bbox 396 747 2058 830; baseline 0 -18"><span class='ocrx_word' id='word_1_26' title='bbox 396 751 503 812; x_wconf 90' lang='lat' dir='ltr'><strong>Ne</strong></span> <span class='ocrx_word' id='word_1_27' title='bbox 530 749 696 813; x_wconf 86' lang='lat' dir='ltr'><strong>foret</strong></span> <span class='ocrx_word' id='word_1_28' title='bbox 724 749 825 812; x_wconf 88' lang='lat' dir='ltr'><strong>his</strong></span> <span class='ocrx_word' id='word_1_29' title='bbox 853 749 1058 824; x_wconf 85' lang='lat' dir='ltr'><strong>testis,</strong></span> <span class='ocrx_word' id='word_1_30' title='bbox 1089 755 1236 830; x_wconf 91' lang='lat' dir='ltr'><strong>post</strong></span> <span class='ocrx_word' id='word_1_31' title='bbox 1264 769 1500 830; x_wconf 86' lang='lat' dir='ltr'><strong>magna</strong></span> <span class='ocrx_word' id='word_1_32' title='bbox 1527 748 1725 811; x_wconf 86' lang='lat' dir='ltr'><strong>latere</strong></span> <span class='ocrx_word' id='word_1_33' title='bbox 1753 747 2058 830; x_wconf 88' lang='lat' dir='ltr'><strong>sepulcra.</strong></span> 
     </span>
     <span class='ocr_line' id='line_1_6' title="bbox 398 856 2081 940; baseline -0.002 -18"><span class='ocrx_word' id='word_1_34' title='bbox 398 859 686 934; x_wconf 84' lang='lat' dir='ltr'><strong>Mentior</strong></span> <span class='ocrx_word' id='word_1_35' title='bbox 715 865 782 921; x_wconf 87' lang='lat' dir='ltr'><strong>at</strong></span> <span class='ocrx_word' id='word_1_36' title='bbox 813 859 869 920; x_wconf 90' lang='lat' dir='ltr'><strong>si</strong></span> <span class='ocrx_word' id='word_1_37' title='bbox 899 858 1073 940; x_wconf 92' lang='lat' dir='ltr'><strong>quid,</strong></span> <span class='ocrx_word' id='word_1_38' title='bbox 1107 858 1344 920; x_wconf 84' lang='lat' dir='ltr'><strong>merdis</strong></span> <span class='ocrx_word' id='word_1_39' title='bbox 1376 864 1566 940; x_wconf 90' lang='lat' dir='ltr'><strong>caput</strong></span> <span class='ocrx_word' id='word_1_40' title='bbox 1594 857 1893 939; x_wconf 88' lang='lat' dir='ltr'><strong>inquiner</strong></span> <span class='ocrx_word' id='word_1_41' title='bbox 1922 856 2081 919; x_wconf 92' lang='lat' dir='ltr'><strong>albis</strong></span> 
     </span>
     <span class='ocr_line' id='line_1_7' title="bbox 398 967 2256 1049; baseline -0.001 -19"><span class='ocrx_word' id='word_1_42' title='bbox 398 969 777 1044; x_wconf 82' lang='lat' dir='ltr'><strong>Corvorum3</strong></span> <span class='ocrx_word' id='word_1_43' title='bbox 811 975 1001 1048; x_wconf 89' lang='lat' dir='ltr'><strong>atque</strong></span> <span class='ocrx_word' id='word_1_44' title='bbox 1019 967 1090 1029; x_wconf 90' lang='lat' dir='ltr'><strong>in</strong></span> <span class='ocrx_word' id='word_1_45' title='bbox 1108 989 1211 1029; x_wconf 92' lang='lat' dir='ltr'><strong>me</strong></span> <span class='ocrx_word' id='word_1_46' title='bbox 1227 967 1445 1030; x_wconf 84' lang='lat' dir='ltr'><strong>veniat</strong></span> <span class='ocrx_word' id='word_1_47' title='bbox 1460 967 1732 1029; x_wconf 89' lang='lat' dir='ltr'><strong>mictum</strong></span> <span class='ocrx_word' id='word_1_48' title='bbox 1752 976 1942 1049; x_wconf 89' lang='lat' dir='ltr'><strong>atque</strong></span> <span class='ocrx_word' id='word_1_49' title='bbox 1965 976 2256 1031; x_wconf 89' lang='lat' dir='ltr'><strong>cacatum</strong></span> 
     </span>
     <span class='ocr_line' id='line_1_8' title="bbox 399 1076 1905 1159; baseline 0.001 -20"><span class='ocrx_word' id='word_1_50' title='bbox 399 1077 611 1139; x_wconf 84' lang='lat' dir='ltr'><strong>Julius</strong></span> <span class='ocrx_word' id='word_1_51' title='bbox 641 1084 707 1140; x_wconf 92' lang='lat' dir='ltr'><strong>et</strong></span> <span class='ocrx_word' id='word_1_52' title='bbox 736 1077 977 1158; x_wconf 83' lang='lat' dir='ltr'><strong>fragilis</strong></span> <span class='ocrx_word' id='word_1_53' title='bbox 1008 1076 1296 1140; x_wconf 86' lang='lat' dir='ltr'><strong>Pediatia</strong></span> <span class='ocrx_word' id='word_1_54' title='bbox 1323 1077 1551 1159; x_wconf 82' lang='lat' dir='ltr'><strong>furque</strong></span> <span class='ocrx_word' id='word_1_55' title='bbox 1582 1078 1905 1140; x_wconf 77' lang='lat' dir='ltr'><strong>VorauuS.</strong></span> 
     </span>
    </p>

    <p class='ocr_par' dir='ltr' id='par_1_5' title="bbox 262 1185 2255 1707">
     <span class='ocr_line' id='line_1_9' title="bbox 262 1185 2255 1269; baseline 0.001 -21"><span class='ocrx_word' id='word_1_56' title='bbox 262 1190 354 1248; x_wconf 89' lang='lat'><strong>40</strong></span> <span class='ocrx_word' id='word_1_57' title='bbox 403 1187 671 1268; x_wconf 85' lang='lat' dir='ltr'><strong>Singula</strong></span> <span class='ocrx_word' id='word_1_58' title='bbox 694 1185 847 1269; x_wconf 89' lang='lat' dir='ltr'><strong>quid</strong></span> <span class='ocrx_word' id='word_1_59' title='bbox 870 1207 1216 1249; x_wconf 89' lang='lat' dir='ltr'><strong>memorem</strong></span> <span class='ocrx_word' id='word_1_60' title='bbox 1240 1188 1269 1247; x_wconf 81' lang='lat'><strong>⁴?</strong></span> <span class='ocrx_word' id='word_1_61' title='bbox 1304 1206 1431 1268; x_wconf 92' lang='lat' dir='ltr'><strong>quo</strong></span> <span class='ocrx_word' id='word_1_62' title='bbox 1452 1193 1638 1269; x_wconf 86' lang='lat' dir='ltr'><strong>pacto</strong></span> <span class='ocrx_word' id='word_1_63' title='bbox 1661 1187 1905 1249; x_wconf 88' lang='lat' dir='ltr'><strong>alterna</strong></span> <span class='ocrx_word' id='word_1_64' title='bbox 1924 1188 2255 1269; x_wconf 88' lang='lat' dir='ltr'><strong>loquentes</strong></span> 
     </span>
     <span class='ocr_line' id='line_1_10' title="bbox 407 1295 2146 1378; baseline 0.001 -19"><span class='ocrx_word' id='word_1_65' title='bbox 407 1295 665 1359; x_wconf 86' lang='lat' dir='ltr'><strong>Umbrae</strong></span> <span class='ocrx_word' id='word_1_66' title='bbox 695 1317 842 1359; x_wconf 90' lang='lat' dir='ltr'><strong>cum</strong></span> <span class='ocrx_word' id='word_1_67' title='bbox 876 1299 1127 1378; x_wconf 82' lang='lat' dir='ltr'><strong>Sagana</strong></span> <span class='ocrx_word' id='word_1_68' title='bbox 1156 1303 1527 1359; x_wconf 80' lang='lat' dir='ltr'><strong>resonarent</strong></span> <span class='ocrx_word' id='word_1_69' title='bbox 1556 1296 1738 1359; x_wconf 85' lang='lat' dir='ltr'><strong>triste</strong></span> <span class='ocrx_word' id='word_1_70' title='bbox 1767 1304 1833 1360; x_wconf 86' lang='lat' dir='ltr'><strong>et</strong></span> <span class='ocrx_word' id='word_1_71' title='bbox 1863 1306 2146 1376; x_wconf 88' lang='lat' dir='ltr'><strong>acutum,</strong></span> 
     </span>
     <span class='ocr_line' id='line_1_11' title="bbox 398 1404 2001 1494; baseline 0.001 -25"><span class='ocrx_word' id='word_1_72' title='bbox 398 1406 621 1487; x_wconf 86' lang='lat' dir='ltr'><strong>thue</strong></span> <span class='ocrx_word' id='word_1_73' title='bbox 649 1406 779 1488; x_wconf 89' lang='lat' dir='ltr'><strong>lupi</strong></span> <span class='ocrx_word' id='word_1_74' title='bbox 813 1405 1077 1494; x_wconf 84' lang='lat' dir='ltr'><strong>barbam</strong></span> <span class='ocrx_word' id='word_1_75' title='bbox 1105 1406 1295 1469; x_wconf 80' lang='lat' dir='ltr'><strong>variae</strong></span> <span class='ocrx_word' id='word_1_76' title='bbox 1327 1426 1474 1468; x_wconf 92' lang='lat' dir='ltr'><strong>cum</strong></span> <span class='ocrx_word' id='word_1_77' title='bbox 1505 1404 1696 1469; x_wconf 88' lang='lat' dir='ltr'><strong>dente</strong></span> <span class='ocrx_word' id='word_1_78' title='bbox 1727 1407 2001 1471; x_wconf 83' lang='lat' dir='ltr'><strong>colubrae</strong></span> 
     </span>
     <span class='ocr_line' id='line_1_12' title="bbox 397 1514 1872 1598; baseline 0.001 -20"><span class='ocrx_word' id='word_1_79' title='bbox 397 1514 784 1578; x_wconf 89' lang='lat' dir='ltr'><strong>Abdiderint</strong></span> <span class='ocrx_word' id='word_1_80' title='bbox 812 1516 1036 1579; x_wconf 90' lang='lat' dir='ltr'><strong>furtim</strong></span> <span class='ocrx_word' id='word_1_81' title='bbox 1065 1517 1254 1579; x_wconf 87' lang='lat' dir='ltr'><strong>terris</strong></span> <span class='ocrx_word' id='word_1_82' title='bbox 1284 1524 1350 1578; x_wconf 86' lang='lat' dir='ltr'><strong>et</strong></span> <span class='ocrx_word' id='word_1_83' title='bbox 1378 1516 1659 1598; x_wconf 87' lang='lat' dir='ltr'><strong>imagine</strong></span> <span class='ocrx_word' id='word_1_84' title='bbox 1691 1538 1872 1580; x_wconf 87' lang='lat' dir='ltr'><strong>cerea</strong></span> 
     </span>
     <span class='ocr_line' id='line_1_13' title="bbox 401 1625 1983 1707; baseline 0.002 -21"><span class='ocrx_word' id='word_1_85' title='bbox 401 1625 670 1706; x_wconf 85' lang='lat' dir='ltr'><strong>Largior</strong></span> <span class='ocrx_word' id='word_1_86' title='bbox 700 1626 920 1688; x_wconf 85' lang='lat' dir='ltr'><strong>arserit</strong></span> <span class='ocrx_word' id='word_1_87' title='bbox 947 1625 1135 1707; x_wconf 88' lang='lat' dir='ltr'><strong>ignis,</strong></span> <span class='ocrx_word' id='word_1_88' title='bbox 1169 1633 1234 1689; x_wconf 90' lang='lat' dir='ltr'><strong>et</strong></span> <span class='ocrx_word' id='word_1_89' title='bbox 1263 1632 1338 1687; x_wconf 90' lang='lat' dir='ltr'><strong>ut</strong></span> <span class='ocrx_word' id='word_1_90' title='bbox 1366 1646 1498 1689; x_wconf 88' lang='lat' dir='ltr'><strong>non</strong></span> <span class='ocrx_word' id='word_1_91' title='bbox 1526 1627 1708 1689; x_wconf 86' lang='lat' dir='ltr'><strong>testis</strong></span> <span class='ocrx_word' id='word_1_92' title='bbox 1736 1626 1983 1689; x_wconf 89' lang='lat' dir='ltr'><strong>inultus</strong></span> 
     </span>
    </p>

    <p class='ocr_par' dir='ltr' id='par_1_6' title="bbox 266 1734 1981 1798">
     <span class='ocr_line' id='line_1_14' title="bbox 266 1734 1981 1798; baseline 0 -1"><span class='ocrx_word' id='word_1_93' title='bbox 266 1739 352 1797; x_wconf 77' lang='lat'><strong>45</strong></span> <span class='ocrx_word' id='word_1_94' title='bbox 403 1735 779 1797; x_wconf 89' lang='lat' dir='ltr'><strong>Horruerim</strong></span> <span class='ocrx_word' id='word_1_95' title='bbox 810 1755 994 1797; x_wconf 83' lang='lat' dir='ltr'><strong>voces</strong></span> <span class='ocrx_word' id='word_1_96' title='bbox 1024 1734 1363 1798; x_wconf 85' lang='lat' dir='ltr'><strong>Furiarum</strong></span> <span class='ocrx_word' id='word_1_97' title='bbox 1395 1742 1461 1797; x_wconf 88' lang='lat' dir='ltr'><strong>et</strong></span> <span class='ocrx_word' id='word_1_98' title='bbox 1488 1734 1659 1797; x_wconf 87' lang='lat' dir='ltr'><strong>facta</strong></span> <span class='ocrx_word' id='word_1_99' title='bbox 1688 1735 1981 1798; x_wconf 87' lang='lat' dir='ltr'><strong>duarum.</strong></span> 
     </span>
    </p>

    <p class='ocr_par' dir='ltr' id='par_1_7' title="bbox 398 1840 2048 2254">
     <span class='ocr_line' id='line_1_15' title="bbox 401 1840 1974 1926; baseline 0 -20"><span class='ocrx_word' id='word_1_100' title='bbox 401 1843 595 1917; x_wconf 83' lang='lat' dir='ltr'><strong>Nam,</strong></span> <span class='ocrx_word' id='word_1_101' title='bbox 628 1840 903 1925; x_wconf 88' lang='lat' dir='ltr'><strong>displosa</strong></span> <span class='ocrx_word' id='word_1_102' title='bbox 931 1847 1117 1904; x_wconf 86' lang='lat' dir='ltr'><strong>sonat</strong></span> <span class='ocrx_word' id='word_1_103' title='bbox 1147 1849 1461 1923; x_wconf 84' lang='lat' dir='ltr'><strong>quantum</strong></span> <span class='ocrx_word' id='word_1_104' title='bbox 1489 1842 1716 1919; x_wconf 87' lang='lat' dir='ltr'><strong>vesica,</strong></span> <span class='ocrx_word' id='word_1_105' title='bbox 1751 1843 1974 1926; x_wconf 83' lang='lat' dir='ltr'><strong>pepedi</strong></span> 
     </span>
     <span class='ocr_line' id='line_1_16' title="bbox 400 1952 1986 2029; baseline 0.002 -15"><span class='ocrx_word' id='word_1_106' title='bbox 400 1952 656 2014; x_wconf 88' lang='lat' dir='ltr'><strong>Diffissa</strong></span> <span class='ocrx_word' id='word_1_107' title='bbox 685 1960 836 2014; x_wconf 86' lang='lat' dir='ltr'><strong>nate</strong></span> <span class='ocrx_word' id='word_1_108' title='bbox 865 1952 1022 2014; x_wconf 90' lang='lat' dir='ltr'><strong>ficus</strong></span> <span class='ocrx_word' id='word_1_109' title='bbox 1045 1977 1063 2029; x_wconf 79' lang='lat'>3</span> <span class='ocrx_word' id='word_1_110' title='bbox 1112 1958 1179 2014; x_wconf 89' lang='lat' dir='ltr'><strong>at</strong></span> <span class='ocrx_word' id='word_1_111' title='bbox 1207 1952 1332 2015; x_wconf 80' lang='lat' dir='ltr'><strong>illae</strong></span> <span class='ocrx_word' id='word_1_112' title='bbox 1362 1973 1613 2024; x_wconf 87' lang='lat' dir='ltr'><strong>currere</strong></span> <span class='ocrx_word' id='word_1_113' title='bbox 1643 1953 1712 2015; x_wconf 91' lang='lat' dir='ltr'><strong>in</strong></span> <span class='ocrx_word' id='word_1_114' title='bbox 1741 1953 1986 2017; x_wconf 88' lang='lat' dir='ltr'><strong>urbem.</strong></span> 
     </span>
     <span class='ocr_line' id='line_1_17' title="bbox 398 2060 1925 2143; baseline 0.001 -20"><span class='ocrx_word' id='word_1_115' title='bbox 398 2061 685 2124; x_wconf 69' lang='lat' dir='ltr'><strong>Canidiae</strong></span> <span class='ocrx_word' id='word_1_116' title='bbox 716 2060 957 2139; x_wconf 87' lang='lat' dir='ltr'><strong>dentes,</strong></span> <span class='ocrx_word' id='word_1_117' title='bbox 991 2062 1195 2123; x_wconf 87' lang='lat' dir='ltr'><strong>altum</strong></span> <span class='ocrx_word' id='word_1_118' title='bbox 1230 2063 1498 2143; x_wconf 84' lang='lat' dir='ltr'><strong>Saganae</strong></span> <span class='ocrx_word' id='word_1_119' title='bbox 1528 2062 1925 2124; x_wconf 86' lang='lat' dir='ltr'><strong>caliendrum</strong></span> 
     </span>
     <span class='ocr_line' id='line_1_18' title="bbox 400 2161 2048 2254; baseline 0 -20"><span class='ocrx_word' id='word_1_120' title='bbox 400 2171 710 2234; x_wconf 86' lang='lat' dir='ltr'><strong>Excidere</strong></span> <span class='ocrx_word' id='word_1_121' title='bbox 741 2161 933 2254; x_wconf 87' lang='lat' dir='ltr'><strong>atque</strong></span> <span class='ocrx_word' id='word_1_122' title='bbox 961 2171 1189 2235; x_wconf 87' lang='lat' dir='ltr'><strong>herbas</strong></span> <span class='ocrx_word' id='word_1_123' title='bbox 1220 2179 1411 2254; x_wconf 89' lang='lat' dir='ltr'><strong>atque</strong></span> <span class='ocrx_word' id='word_1_124' title='bbox 1440 2171 1770 2234; x_wconf 86' lang='lat' dir='ltr'><strong>incantata</strong></span> <span class='ocrx_word' id='word_1_125' title='bbox 1795 2172 2048 2235; x_wconf 86' lang='lat' dir='ltr'><strong>lacertis</strong></span> 
     </span>
    </p>

    <p class='ocr_par' dir='ltr' id='par_1_8' title="bbox 269 2280 2018 2365">
     <span class='ocr_line' id='line_1_19' title="bbox 269 2280 2018 2365; baseline 0.002 -24"><span class='ocrx_word' id='word_1_126' title='bbox 269 2284 358 2344; x_wconf 88' lang='lat'><strong>50</strong></span> <span class='ocrx_word' id='word_1_127' title='bbox 400 2280 697 2359; x_wconf 87' lang='lat' dir='ltr'><strong>Vincula,</strong></span> <span class='ocrx_word' id='word_1_128' title='bbox 729 2302 879 2344; x_wconf 91' lang='lat' dir='ltr'><strong>cum</strong></span> <span class='ocrx_word' id='word_1_129' title='bbox 907 2302 1142 2364; x_wconf 86' lang='lat' dir='ltr'><strong>magno</strong></span> <span class='ocrx_word' id='word_1_130' title='bbox 1170 2282 1428 2365; x_wconf 88' lang='lat' dir='ltr'><strong>risuque</strong></span> <span class='ocrx_word' id='word_1_131' title='bbox 1451 2281 1727 2364; x_wconf 88' lang='lat' dir='ltr'><strong>jocoque</strong></span> <span class='ocrx_word' id='word_1_132' title='bbox 1756 2281 2018 2345; x_wconf 84' lang='lat' dir='ltr'><strong>videres.</strong></span> 
     </span>
    </p>
   </div>
   <div class='ocr_carea' id='block_1_3' title="bbox 400 2798 2683 2995">
    <p class='ocr_par' dir='ltr' id='par_1_9' title="bbox 400 2798 2683 2995">
     <span class='ocr_line' id='line_1_20' title="bbox 402 2798 2683 2879; baseline 0.004 -19"><span class='ocrx_word' id='word_1_133' title='bbox 402 2798 577 2860; x_wconf 73' lang='lat' dir='ltr'><strong>IsAM</strong></span> <span class='ocrx_word' id='word_1_134' title='bbox 610 2798 773 2862; x_wconf 87' lang='lat' dir='ltr'><strong>forte</strong></span> <span class='ocrx_word' id='word_1_135' title='bbox 804 2799 931 2862; x_wconf 87' lang='lat' dir='ltr'><strong>Via</strong></span> <span class='ocrx_word' id='word_1_136' title='bbox 962 2799 1173 2876; x_wconf 86' lang='lat' dir='ltr'><strong>Sacra,</strong></span> <span class='ocrx_word' id='word_1_137' title='bbox 1206 2799 1371 2862; x_wconf 87' lang='lat' dir='ltr'><strong>sicut</strong></span> <span class='ocrx_word' id='word_1_138' title='bbox 1401 2821 1581 2863; x_wconf 87' lang='lat' dir='ltr'><strong>meus</strong></span> <span class='ocrx_word' id='word_1_139' title='bbox 1610 2808 1708 2863; x_wconf 88' lang='lat' dir='ltr'><strong>est</strong></span> <span class='ocrx_word' id='word_1_140' title='bbox 1736 2822 1875 2864; x_wconf 90' lang='lat' dir='ltr'><strong>mos</strong></span> <span class='ocrx_word' id='word_1_141' title='bbox 2299 2827 2378 2868; x_wconf 72' lang='lat' dir='ltr'><strong>m</strong></span> <span class='ocrx_word' id='word_1_142' title='bbox 2400 2826 2683 2879; x_wconf 75' lang='lat' dir='ltr'><strong>Sa.Ep.4.⁷;</strong></span> 
     </span>
     <span class='ocr_line' id='line_1_21' title="bbox 400 2879 2682 2995; baseline 0.002 -24"><span class='ocrx_word' id='word_1_143' title='bbox 400 2909 639 2973; x_wconf 88' lang='lat' dir='ltr'><strong>Nescio</strong></span> <span class='ocrx_word' id='word_1_144' title='bbox 671 2909 824 2991; x_wconf 91' lang='lat' dir='ltr'><strong>quid</strong></span> <span class='ocrx_word' id='word_1_145' title='bbox 854 2908 1170 2972; x_wconf 88' lang='lat' dir='ltr'><strong>meditans</strong></span> <span class='ocrx_word' id='word_1_146' title='bbox 1198 2931 1539 2991; x_wconf 88' lang='lat' dir='ltr'><strong>nugarum,</strong></span> <span class='ocrx_word' id='word_1_147' title='bbox 1572 2917 1749 2974; x_wconf 91' lang='lat' dir='ltr'><strong>totus</strong></span> <span class='ocrx_word' id='word_1_148' title='bbox 1776 2911 1844 2973; x_wconf 90' lang='lat' dir='ltr'><strong>in</strong></span> <span class='ocrx_word' id='word_1_149' title='bbox 1875 2911 2000 2973; x_wconf 90' lang='lat' dir='ltr'><strong>illis</strong></span> <span class='ocrx_word' id='word_1_150' title='bbox 2021 2936 2041 2988; x_wconf 89' lang='lat'>;</span> <span class='ocrx_word' id='word_1_151' title='bbox 2291 2955 2370 2995; x_wconf 47' lang='grc' dir='ltr'><strong>Μ,</strong></span> <span class='ocrx_word' id='word_1_152' title='bbox 2391 2952 2441 2994; x_wconf 45' lang='grc' dir='ltr'><strong>Β,</strong></span> <span class='ocrx_word' id='word_1_153' title='bbox 2462 2953 2498 2993; x_wconf 53' lang='grc' dir='ltr'><strong>ι,</strong></span> <span class='ocrx_word' id='word_1_154' title='bbox 2520 2951 2556 2993; x_wconf 49' lang='grc' dir='ltr'><strong>ι,</strong></span> <span class='ocrx_word' id='word_1_155' title='bbox 2578 2879 2682 2993; x_wconf 45' lang='grc' dir='ltr'><strong>ᾆδ’</strong></span> 
     </span>
    </p>
   </div>
   <div class='ocr_carea' id='block_1_4' title="bbox 399 3018 2000 3099">
    <p class='ocr_par' dir='ltr' id='par_1_10' title="bbox 399 3018 2000 3099">
     <span class='ocr_line' id='line_1_22' title="bbox 399 3018 2000 3099; baseline 0.001 -18"><span class='ocrx_word' id='word_1_156' title='bbox 399 3019 700 3081; x_wconf 85' lang='lat' dir='ltr'><strong>Accurrit</strong></span> <span class='ocrx_word' id='word_1_157' title='bbox 733 3018 996 3099; x_wconf 90' lang='lat' dir='ltr'><strong>quidam</strong></span> <span class='ocrx_word' id='word_1_158' title='bbox 1023 3028 1216 3081; x_wconf 90' lang='lat' dir='ltr'><strong>notus</strong></span> <span class='ocrx_word' id='word_1_159' title='bbox 1244 3020 1407 3081; x_wconf 86' lang='lat' dir='ltr'><strong>mihi</strong></span> <span class='ocrx_word' id='word_1_160' title='bbox 1434 3020 1694 3082; x_wconf 91' lang='lat' dir='ltr'><strong>nomine</strong></span> <span class='ocrx_word' id='word_1_161' title='bbox 1722 3028 2000 3096; x_wconf 86' lang='lat' dir='ltr'><strong>tantum,</strong></span> 
     </span>
    </p>
   </div>
   <div class='ocr_carea' id='block_1_5' title="bbox 274 3127 2632 4196">
    <p class='ocr_par' dir='ltr' id='par_1_11' title="bbox 314 3127 2632 3410">
     <span class='ocr_line' id='line_1_23' title="bbox 403 3127 2220 3210; baseline 0.002 -21"><span class='ocrx_word' id='word_1_162' title='bbox 403 3129 801 3209; x_wconf 85' lang='lat' dir='ltr'><strong>Arreptaque</strong></span> <span class='ocrx_word' id='word_1_163' title='bbox 828 3148 1027 3190; x_wconf 88' lang='lat' dir='ltr'><strong>manu</strong></span> <span class='ocrx_word' id='word_1_164' title='bbox 1054 3153 1067 3191; x_wconf 95' lang='lat'><strong>:</strong></span> <span class='ocrx_word' id='word_1_165' title='bbox 1117 3128 1295 3195; x_wconf 80' lang='lat' dir='ltr'><strong>Quid</strong></span> <span class='ocrx_word' id='word_1_166' title='bbox 1325 3129 1480 3210; x_wconf 78' lang='lat' dir='ltr'><strong>agis,</strong></span> <span class='ocrx_word' id='word_1_167' title='bbox 1516 3127 1880 3193; x_wconf 89' lang='lat' dir='ltr'><strong>dulcissime</strong></span> <span class='ocrx_word' id='word_1_168' title='bbox 1908 3130 2173 3192; x_wconf 79' lang='lat' dir='ltr'><strong>rerum?</strong></span> <span class='ocrx_word' id='word_1_169' title='bbox 2217 3166 2220 3167; x_wconf 27' lang='grc' dir='ltr'><em>ν</em></span> 
     </span>
     <span class='ocr_line' id='line_1_24' title="bbox 314 3238 2632 3323; baseline 0.004 -25"><span class='ocrx_word' id='word_1_170' title='bbox 314 3240 353 3298; x_wconf 88' lang='grc'>5</span> <span class='ocrx_word' id='word_1_171' title='bbox 405 3238 715 3316; x_wconf 83' lang='lat' dir='ltr'><strong>Suaviter,</strong></span> <span class='ocrx_word' id='word_1_172' title='bbox 749 3245 824 3300; x_wconf 88' lang='lat' dir='ltr'><strong>ut</strong></span> <span class='ocrx_word' id='word_1_173' title='bbox 856 3259 1029 3301; x_wconf 90' lang='lat' dir='ltr'><strong>nunc</strong></span> <span class='ocrx_word' id='word_1_174' title='bbox 1059 3247 1177 3317; x_wconf 85' lang='lat' dir='ltr'><strong>est,</strong></span> <span class='ocrx_word' id='word_1_175' title='bbox 1207 3239 1493 3321; x_wconf 89' lang='lat' dir='ltr'><strong>inquam,</strong></span> <span class='ocrx_word' id='word_1_176' title='bbox 1529 3248 1595 3303; x_wconf 89' lang='lat' dir='ltr'><strong>et</strong></span> <span class='ocrx_word' id='word_1_177' title='bbox 1626 3240 1812 3323; x_wconf 91' lang='lat' dir='ltr'><strong>cupio</strong></span> <span class='ocrx_word' id='word_1_178' title='bbox 1855 3240 2070 3303; x_wconf 89' lang='lat' dir='ltr'><strong>omnia</strong></span> <span class='ocrx_word' id='word_1_179' title='bbox 2122 3262 2261 3322; x_wconf 85' lang='lat' dir='ltr'><strong>quae</strong></span> <span class='ocrx_word' id='word_1_180' title='bbox 2289 3276 2384 3307; x_wconf 59' lang='lat' dir='ltr'><strong>sua.</strong></span> <span class='ocrx_word' id='word_1_181' title='bbox 2407 3265 2456 3305; x_wconf 75' lang='grc' dir='ltr'><strong>Ε.</strong></span> <span class='ocrx_word' id='word_1_182' title='bbox 2479 3265 2515 3306; x_wconf 91' lang='lat'><strong>1.</strong></span> <span class='ocrx_word' id='word_1_183' title='bbox 2535 3267 2573 3306; x_wconf 84' lang='lat' dir='ltr'><strong>s.</strong></span> <span class='ocrx_word' id='word_1_184' title='bbox 2593 3266 2632 3307; x_wconf 79' lang='lat'><strong>4.</strong></span> 
     </span>
     <span class='ocr_line' id='line_1_25' title="bbox 785 3346 900 3410; baseline 0.009 -1"><span class='ocrx_word' id='word_1_185' title='bbox 785 3346 900 3410; x_wconf 87' lang='lat' dir='ltr'><strong>vis.</strong></span> 
     </span>
    </p>

    <p class='ocr_par' dir='ltr' id='par_1_12' title="bbox 394 3456 2258 3863">
     <span class='ocr_line' id='line_1_26' title="bbox 400 3456 2258 3539; baseline 0.003 -22"><span class='ocrx_word' id='word_1_186' title='bbox 400 3456 567 3535; x_wconf 89' lang='lat' dir='ltr'><strong>Cum</strong></span> <span class='ocrx_word' id='word_1_187' title='bbox 597 3463 1058 3519; x_wconf 82' lang='lat' dir='ltr'><strong>assectaretur:</strong></span> <span class='ocrx_word' id='word_1_188' title='bbox 1106 3457 1289 3520; x_wconf 89' lang='lat' dir='ltr'><strong>Num</strong></span> <span class='ocrx_word' id='word_1_189' title='bbox 1320 3456 1473 3539; x_wconf 90' lang='lat' dir='ltr'><strong>quid</strong></span> <span class='ocrx_word' id='word_1_190' title='bbox 1495 3457 1638 3520; x_wconf 84' lang='lat' dir='ltr'><strong>vis?</strong></span> <span class='ocrx_word' id='word_1_191' title='bbox 1685 3477 1944 3539; x_wconf 90' lang='lat' dir='ltr'><strong>occupo.</strong></span> <span class='ocrx_word' id='word_1_192' title='bbox 1997 3458 2091 3520; x_wconf 93' lang='lat' dir='ltr'><strong>At</strong></span> <span class='ocrx_word' id='word_1_193' title='bbox 2115 3457 2218 3519; x_wconf 90' lang='lat' dir='ltr'><strong>ille</strong></span> <span class='ocrx_word' id='word_1_194' title='bbox 2244 3483 2258 3522; x_wconf 75' lang='grc' dir='ltr'><strong>ε</strong></span> 
     </span>
     <span class='ocr_line' id='line_1_27' title="bbox 394 3565 2217 3649; baseline -0.001 -21"><span class='ocrx_word' id='word_1_195' title='bbox 394 3565 596 3635; x_wconf 84' lang='lat' dir='ltr'><strong>Noris</strong></span> <span class='ocrx_word' id='word_1_196' title='bbox 623 3586 761 3643; x_wconf 89' lang='lat' dir='ltr'><strong>nos,</strong></span> <span class='ocrx_word' id='word_1_197' title='bbox 793 3565 1043 3647; x_wconf 90' lang='lat' dir='ltr'><strong>inquit:</strong></span> <span class='ocrx_word' id='word_1_198' title='bbox 1094 3565 1265 3628; x_wconf 86' lang='lat' dir='ltr'><strong>docti</strong></span> <span class='ocrx_word' id='word_1_199' title='bbox 1296 3587 1538 3628; x_wconf 73' lang='lat' dir='ltr'><strong>sumna.</strong></span> <span class='ocrx_word' id='word_1_200' title='bbox 1631 3566 1764 3629; x_wconf 91' lang='lat' dir='ltr'><strong>Hic</strong></span> <span class='ocrx_word' id='word_1_201' title='bbox 1795 3587 1915 3649; x_wconf 90' lang='lat' dir='ltr'><strong>ego</strong></span> <span class='ocrx_word' id='word_1_202' title='bbox 1944 3592 1957 3629; x_wconf 72' lang='grc' dir='ltr'>ι</span> <span class='ocrx_word' id='word_1_203' title='bbox 2012 3567 2217 3629; x_wconf 87' lang='lat' dir='ltr'><strong>Pluris</strong></span> 
     </span>
     <span class='ocr_line' id='line_1_28' title="bbox 404 3675 2256 3759; baseline -0.001 -21"><span class='ocrx_word' id='word_1_204' title='bbox 404 3676 572 3754; x_wconf 91' lang='lat' dir='ltr'><strong>Hoc,</strong></span> <span class='ocrx_word' id='word_1_205' title='bbox 603 3676 886 3758; x_wconf 88' lang='lat' dir='ltr'><strong>inquam,</strong></span> <span class='ocrx_word' id='word_1_206' title='bbox 919 3675 1078 3737; x_wconf 89' lang='lat' dir='ltr'><strong>mihi</strong></span> <span class='ocrx_word' id='word_1_207' title='bbox 1108 3676 1251 3737; x_wconf 77' lang='lat' dir='ltr'><strong>eris,</strong></span> <span class='ocrx_word' id='word_1_208' title='bbox 1342 3677 1583 3739; x_wconf 90' lang='lat' dir='ltr'><strong>Misere</strong></span> <span class='ocrx_word' id='word_1_209' title='bbox 1607 3676 1925 3741; x_wconf 87' lang='lat' dir='ltr'><strong>discedere</strong></span> <span class='ocrx_word' id='word_1_210' title='bbox 1950 3698 2256 3759; x_wconf 80' lang='lat' dir='ltr'><strong>quaerens,</strong></span> 
     </span>
     <span class='ocr_line' id='line_1_29' title="bbox 403 3784 2063 3863; baseline 0.001 -16"><span class='ocrx_word' id='word_1_211' title='bbox 403 3786 510 3847; x_wconf 90' lang='lat' dir='ltr'><strong>Ire</strong></span> <span class='ocrx_word' id='word_1_212' title='bbox 539 3784 728 3848; x_wconf 88' lang='lat' dir='ltr'><strong>modo</strong></span> <span class='ocrx_word' id='word_1_213' title='bbox 761 3786 957 3863; x_wconf 76' lang='lat' dir='ltr'><strong>ociuS,</strong></span> <span class='ocrx_word' id='word_1_214' title='bbox 990 3785 1315 3848; x_wconf 83' lang='lat' dir='ltr'><strong>interdum</strong></span> <span class='ocrx_word' id='word_1_215' title='bbox 1346 3786 1713 3862; x_wconf 83' lang='lat' dir='ltr'><strong>consistere,</strong></span> <span class='ocrx_word' id='word_1_216' title='bbox 1743 3787 1812 3857; x_wconf 88' lang='lat' dir='ltr'><strong>in</strong></span> <span class='ocrx_word' id='word_1_217' title='bbox 1844 3808 2063 3849; x_wconf 85' lang='lat' dir='ltr'><strong>aurem</strong></span> 
     </span>
    </p>

    <p class='ocr_par' dir='ltr' id='par_1_13' title="bbox 274 3894 2014 4196">
     <span class='ocr_line' id='line_1_30' title="bbox 274 3894 2014 3978; baseline 0.002 -22"><span class='ocrx_word' id='word_1_218' title='bbox 274 3895 357 3956; x_wconf 88' lang='grc'><strong>10</strong></span> <span class='ocrx_word' id='word_1_219' title='bbox 402 3894 631 3958; x_wconf 90' lang='lat' dir='ltr'><strong>Dicere</strong></span> <span class='ocrx_word' id='word_1_220' title='bbox 659 3895 876 3958; x_wconf 89' lang='lat' dir='ltr'><strong>nescio</strong></span> <span class='ocrx_word' id='word_1_221' title='bbox 907 3895 1058 3978; x_wconf 92' lang='lat' dir='ltr'><strong>quid</strong></span> <span class='ocrx_word' id='word_1_222' title='bbox 1085 3916 1303 3978; x_wconf 89' lang='lat' dir='ltr'><strong>puero,</strong></span> <span class='ocrx_word' id='word_1_223' title='bbox 1337 3916 1484 3958; x_wconf 89' lang='lat' dir='ltr'><strong>cum</strong></span> <span class='ocrx_word' id='word_1_224' title='bbox 1516 3897 1711 3958; x_wconf 91' lang='lat' dir='ltr'><strong>sudor</strong></span> <span class='ocrx_word' id='word_1_225' title='bbox 1742 3898 1822 3959; x_wconf 89' lang='lat' dir='ltr'><strong>ad</strong></span> <span class='ocrx_word' id='word_1_226' title='bbox 1852 3898 2014 3960; x_wconf 87' lang='lat' dir='ltr'><strong>imos</strong></span> 
     </span>
     <span class='ocr_line' id='line_1_31' title="bbox 400 4006 1740 4083; baseline 0.001 -16"><span class='ocrx_word' id='word_1_227' title='bbox 400 4006 704 4069; x_wconf 86' lang='lat' dir='ltr'><strong>Manaret</strong></span> <span class='ocrx_word' id='word_1_228' title='bbox 734 4006 899 4068; x_wconf 88' lang='lat' dir='ltr'><strong>talos</strong></span> <span class='ocrx_word' id='word_1_229' title='bbox 920 4032 939 4083; x_wconf 80' lang='lat'>3</span> <span class='ocrx_word' id='word_1_230' title='bbox 987 4008 1046 4071; x_wconf 93' lang='lat' dir='ltr'>O</span> <span class='ocrx_word' id='word_1_231' title='bbox 1078 4014 1165 4082; x_wconf 86' lang='lat' dir='ltr'><strong>te,</strong></span> <span class='ocrx_word' id='word_1_232' title='bbox 1197 4006 1461 4083; x_wconf 91' lang='lat' dir='ltr'><strong>Bolane,</strong></span> <span class='ocrx_word' id='word_1_233' title='bbox 1494 4006 1740 4069; x_wconf 89' lang='lat' dir='ltr'><strong>cerebri</strong></span> 
     </span>
     <span class='ocr_line' id='line_1_32' title="bbox 400 4113 2000 4196; baseline 0.002 -21"><span class='ocrx_word' id='word_1_234' title='bbox 400 4113 680 4176; x_wconf 84' lang='lat' dir='ltr'><strong>Felicem</strong></span> <span class='ocrx_word' id='word_1_235' title='bbox 710 4114 723 4176; x_wconf 75' lang='grc' dir='ltr'><strong>Ξ</strong></span> <span class='ocrx_word' id='word_1_236' title='bbox 776 4114 1020 4177; x_wconf 87' lang='lat' dir='ltr'><strong>aiebam</strong></span> <span class='ocrx_word' id='word_1_237' title='bbox 1052 4114 1327 4191; x_wconf 79' lang='lat' dir='ltr'><strong>tacitus3</strong></span> <span class='ocrx_word' id='word_1_238' title='bbox 1374 4135 1522 4177; x_wconf 91' lang='lat' dir='ltr'><strong>cum</strong></span> <span class='ocrx_word' id='word_1_239' title='bbox 1553 4114 1864 4196; x_wconf 85' lang='lat' dir='ltr'><strong>quidlibet</strong></span> <span class='ocrx_word' id='word_1_240' title='bbox 1894 4116 2000 4178; x_wconf 89' lang='lat' dir='ltr'><strong>ille</strong></span> 
     </span>
    </p>
   </div>
   <div class='ocr_carea' id='block_1_6' title="bbox 1095 4254 1437 4302">
    <p class='ocr_par' dir='ltr' id='par_1_14' title="bbox 1095 4254 1437 4302">
     <span class='ocr_line' id='line_1_33' title="bbox 1095 4254 1437 4302; baseline -0.003 0"><span class='ocrx_word' id='word_1_241' title='bbox 1095 4255 1175 4302; x_wconf 87' lang='grc'><strong>38.</strong></span> <span class='ocrx_word' id='word_1_242' title='bbox 1210 4254 1437 4301; x_wconf 79' lang='lat' dir='ltr'><strong>veniant.</strong></span> 
     </span>
    </p>
   </div>
  </div>
 </body>
</html>
