3025 4776
265 1306 348 1366 10

267 1895 349 1954 15

312 3049 350 3107 Οἱ

271 3637 353 3697 10

336 4298 466 4334 xvn.
505 4285 582 4334 13.
617 4290 785 4346 potes,
805 4284 863 4332 B.

966 283 1408 342 CARMINUM
1479 285 1636 342 LIB.
1681 287 1804 343 III.
1849 285 2000 344 xviii.

609 451 1098 532 Denominatos,
1130 459 1198 516 et
1225 460 1536 537 nepotum

698 565 824 628 Per
852 584 1166 627 memores
1196 585 1399 646 genus
1427 585 1618 628 omne
1647 564 1883 645 fastos3

523 713 808 776 Auctore
839 711 920 776 ab
950 711 1061 775 illo
1091 711 1272 775 ducis
1302 711 1641 795 originem,

526 822 659 890 Qui
689 821 1089 886 Formiarum
1120 821 1360 886 moenia
1389 821 1627 885 dicitur

612 932 918 1015 Princeps
948 939 1014 994 et
1042 932 1377 994 innantem
1408 931 1675 996 Maricae

697 1040 1028 1107 Litoribus
1057 1040 1342 1105 tenuisse
1373 1040 1605 1118 Lirim,

525 1190 688 1254 Late
717 1196 1069 1271 tyrannus:
1123 1209 1263 1251 cras
1291 1187 1461 1252 foliis
1490 1208 1719 1251 nemus

521 1302 756 1366 Multis
789 1310 855 1365 et
885 1302 1029 1384 alga
1059 1301 1210 1364 litus
1239 1300 1457 1363 inutili

608 1412 907 1476 Demissa
935 1418 1283 1495 tempestas
1314 1410 1395 1475 ab
1428 1413 1606 1474 Euro

700 1524 979 1600 Sternet,
1013 1542 1195 1604 aquae
1225 1520 1349 1583 nisi
1379 1521 1548 1584 fallit
1578 1543 1783 1606 augur

521 1670 788 1733 Annosa
816 1668 1055 1732 cornix.
1145 1668 1322 1731 Dum
1355 1669 1541 1751 potis,
1576 1671 1826 1761 aridum

526 1780 853 1863 Compone
883 1781 1133 1863 lignum
1162 1805 1175 1843 :
1225 1801 1364 1842 cras
1395 1780 1679 1845 Genium
1711 1803 1891 1847 mero

614 1890 882 1954 Curubis
912 1897 979 1952 et
1007 1910 1201 1973 porco
1229 1889 1542 1967 bimestri,

696 2002 863 2066 Cum
893 2001 1147 2065 famulis
1178 2022 1440 2084 operum
1472 2002 1720 2068 solutis.

1136 2419 1403 2483 XVIII.

524 2565 790 2643 Pium,
821 2555 1278 2648 Nympharum
1306 2564 1670 2648 fugientum
1702 2574 1969 2645 amator,

525 2676 651 2739 Per
680 2696 855 2739 meos
884 2674 1030 2736 finis
1061 2682 1126 2738 et
1156 2674 1371 2758 aprica
1397 2696 1549 2739 rura

526 2785 720 2850 Lenis
747 2786 1004 2850 incedas
1035 2784 1350 2867 abeasque
1379 2786 1588 2868 parvis

870 2897 1124 2980 AEquus
1156 2896 1435 2959 alumnis
1460 2922 1480 2974 3

529 3044 599 3109 Si
627 3052 810 3108 tener
838 3043 1026 3126 pleno
1057 3042 1228 3106 cadit
1258 3042 1484 3105 haedus
1518 3063 1709 3120 ann0,

526 3155 740 3237 Larga
767 3174 887 3217 nec
916 3153 1148 3217 desunt
1179 3155 1450 3218 Veneris
1480 3154 1680 3219 sodali

525 3265 697 3329 Vina
724 3273 1007 3344 craterae,
1040 3273 1225 3328 vetus
1257 3287 1367 3328 ara
1395 3264 1603 3328 multo

871 3376 1108 3440 Fumat
1137 3375 1351 3438 odore.

530 3522 730 3586 Ludit
759 3523 1027 3587 herboso
1058 3544 1251 3607 pecus
1281 3543 1471 3586 omne
1502 3543 1749 3604 campo,

530 3633 751 3698 Quum
780 3634 903 3698 tibi
932 3633 1143 3697 Nonae
1172 3634 1446 3698 redeunt
1477 3632 1903 3697 Decembres:

528 3744 756 3808 Festus
783 3745 852 3806 in
883 3743 1080 3827 pratis
1109 3751 1292 3807 vacat
1322 3745 1527 3808 otioso

875 3856 1042 3920 Cum
1073 3855 1233 3919 bove
1262 3877 1463 3940 pagus
1490 3882 1503 3919 t

528 4003 711 4067 Inter
741 4002 1010 4067 audaces
1038 4003 1227 4085 lupus
1257 4007 1428 4064 errat
1457 4022 1693 4085 agnos:

532 4111 788 4196 Spargit
820 4119 1099 4195 agrestes
1130 4110 1250 4174 tibi
1281 4110 1436 4174 silva
1465 4112 1718 4175 frondes
1744 4138 1758 4176 :

1004 4283 1081 4331 15.
1120 4283 1408 4340 bimenstri,
1441 4282 1496 4329 B.
1536 4301 1581 4329 κ.

1850 4293 1997 4326 xvm.
2034 4282 2081 4326 2.
2119 4278 2261 4323 finos.

2606 291 2676 349 73

2282 576 2593 627 4.0.4.14.4.

2289 2917 2378 2958 alu.
2400 2916 2448 2958 C.
2468 2918 2506 2958 3.
2527 2915 2590 2957 23.
2611 2916 2649 2958 7.

2289 3561 2380 3602 lud.
2401 3561 2448 3602 C.
2469 3562 2505 3600 2.
2527 3562 2564 3600 5.
2584 3562 2622 3600 8.

2467 3615 2505 3652 3.
2529 3611 2589 3650 11.
2612 3611 2673 3650 10.

2291 4033 2353 4071 ¹3.
2375 4020 2422 4062 C.
2444 4022 2481 4061 1.
2503 4021 2563 4060 1⁷.
2585 4022 2623 4061 ὅ.

2292 4133 2353 4171 ι4.
2375 4120 2456 4172 Ep.
2478 4121 2539 4160 11.
2558 4122 2596 4160 6.
