<?xml version="1.0" encoding="UTF-8"?>
<!DOCTYPE html PUBLIC "-//W3C//DTD XHTML 1.0 Transitional//EN"
    "http://www.w3.org/TR/xhtml1/DTD/xhtml1-transitional.dtd">
<html xmlns="http://www.w3.org/1999/xhtml" xml:lang="en" lang="en">
 <head>
  <title>
</title>
<meta http-equiv="Content-Type" content="text/html;charset=utf-8" />
  <meta name='ocr-system' content='tesseract 3.04.00' />
  <meta name='ocr-capabilities' content='ocr_page ocr_carea ocr_par ocr_line ocrx_word'/>
</head>
<body>
  <div class='ocr_page' id='page_1' title='image "./quintihoratifla03horagoog_0103.png"; bbox 0 0 3025 4776; ppageno 0'>
   <div class='ocr_carea' id='block_1_1' title="bbox 305 1224 390 1285">
    <p class='ocr_par' dir='ltr' id='par_1_1' title="bbox 305 1224 390 1285">
     <span class='ocr_line' id='line_1_1' title="bbox 305 1224 390 1285; baseline 0 0"><span class='ocrx_word' id='word_1_1' title='bbox 305 1224 390 1285; x_wconf 92' lang='lat'>10</span> 
     </span>
    </p>
   </div>
   <div class='ocr_carea' id='block_1_2' title="bbox 307 1780 389 1839">
    <p class='ocr_par' dir='ltr' id='par_1_2' title="bbox 307 1780 389 1839">
     <span class='ocr_line' id='line_1_2' title="bbox 307 1780 389 1839; baseline 0 0"><span class='ocrx_word' id='word_1_2' title='bbox 307 1780 389 1839; x_wconf 87' lang='lat'>15</span> 
     </span>
    </p>
   </div>
   <div class='ocr_carea' id='block_1_3' title="bbox 310 3468 393 3529">
    <p class='ocr_par' dir='ltr' id='par_1_3' title="bbox 310 3468 393 3529">
     <span class='ocr_line' id='line_1_3' title="bbox 310 3468 393 3529; baseline 0.012 -1"><span class='ocrx_word' id='word_1_3' title='bbox 310 3468 393 3529; x_wconf 88' lang='grc'>10</span> 
     </span>
    </p>
   </div>
   <div class='ocr_carea' id='block_1_4' title="bbox 307 4042 390 4102">
    <p class='ocr_par' dir='ltr' id='par_1_4' title="bbox 307 4042 390 4102">
     <span class='ocr_line' id='line_1_4' title="bbox 307 4042 390 4102; baseline 0 0"><span class='ocrx_word' id='word_1_4' title='bbox 307 4042 390 4102; x_wconf 88' lang='lat'>15</span> 
     </span>
    </p>
   </div>
   <div class='ocr_carea' id='block_1_5' title="bbox 1018 247 2022 341">
    <p class='ocr_par' dir='ltr' id='par_1_5' title="bbox 1018 247 2022 341">
     <span class='ocr_line' id='line_1_5' title="bbox 1018 247 2022 341; baseline 0.004 -4"><span class='ocrx_word' id='word_1_5' title='bbox 1018 247 1465 340; x_wconf 65' lang='lat' dir='ltr'>emmo-M</span> <span class='ocrx_word' id='word_1_6' title='bbox 1535 282 1693 340; x_wconf 74' lang='grc' dir='ltr'>ΜΒ.</span> <span class='ocrx_word' id='word_1_7' title='bbox 1738 284 1861 339; x_wconf 80' lang='grc' dir='ltr'>[Π.</span> <span class='ocrx_word' id='word_1_8' title='bbox 1908 283 2022 341; x_wconf 79' lang='lat' dir='ltr'>xvi.</span> 
     </span>
    </p>
   </div>
   <div class='ocr_carea' id='block_1_6' title="bbox 563 448 2040 1973">
    <p class='ocr_par' dir='ltr' id='par_1_6' title="bbox 565 448 1367 532">
     <span class='ocr_line' id='line_1_6' title="bbox 565 448 1367 532; baseline 0.004 -21"><span class='ocrx_word' id='word_1_9' title='bbox 565 448 978 532; x_wconf 84' lang='lat' dir='ltr'>Famosisque</span> <span class='ocrx_word' id='word_1_10' title='bbox 1003 448 1367 514; x_wconf 80' lang='lat' dir='ltr'>laboribus:</span> 
     </span>
    </p>

    <p class='ocr_par' dir='ltr' id='par_1_7' title="bbox 564 560 1691 755">
     <span class='ocr_line' id='line_1_7' title="bbox 649 560 1691 645; baseline 0.002 -22"><span class='ocrx_word' id='word_1_11' title='bbox 649 560 915 624; x_wconf 85' lang='lat' dir='ltr'>Maturo</span> <span class='ocrx_word' id='word_1_12' title='bbox 943 561 1199 645; x_wconf 87' lang='lat' dir='ltr'>propior</span> <span class='ocrx_word' id='word_1_13' title='bbox 1230 561 1447 625; x_wconf 85' lang='lat' dir='ltr'>desine</span> <span class='ocrx_word' id='word_1_14' title='bbox 1476 560 1691 625; x_wconf 82' lang='lat' dir='ltr'>funeri</span> 
     </span>
     <span class='ocr_line' id='line_1_8' title="bbox 564 670 1325 755; baseline 0.004 -23"><span class='ocrx_word' id='word_1_15' title='bbox 564 670 748 733; x_wconf 82' lang='lat' dir='ltr'><strong>Inter</strong></span> <span class='ocrx_word' id='word_1_16' title='bbox 776 670 996 735; x_wconf 87' lang='lat' dir='ltr'>ludere</span> <span class='ocrx_word' id='word_1_17' title='bbox 1023 671 1325 755; x_wconf 82' lang='lat' dir='ltr'>virgines,</span> 
     </span>
    </p>

    <p class='ocr_par' dir='ltr' id='par_1_8' title="bbox 564 781 1957 975">
     <span class='ocr_line' id='line_1_9' title="bbox 646 781 1957 866; baseline 0.002 -21"><span class='ocrx_word' id='word_1_18' title='bbox 646 782 738 845; x_wconf 86' lang='lat' dir='ltr'>Et</span> <span class='ocrx_word' id='word_1_19' title='bbox 766 781 968 845; x_wconf 88' lang='lat' dir='ltr'>stellis</span> <span class='ocrx_word' id='word_1_20' title='bbox 996 782 1299 847; x_wconf 84' lang='lat' dir='ltr'><strong>nebulam</strong></span> <span class='ocrx_word' id='word_1_21' title='bbox 1327 802 1622 866; x_wconf 82' lang='lat' dir='ltr'>spargere</span> <span class='ocrx_word' id='word_1_22' title='bbox 1652 782 1957 847; x_wconf 80' lang='lat' dir='ltr'>candidis.</span> 
     </span>
     <span class='ocr_line' id='line_1_10' title="bbox 564 892 1536 975; baseline 0 -19"><span class='ocrx_word' id='word_1_23' title='bbox 564 893 738 971; x_wconf 91' lang='lat' dir='ltr'>Non,</span> <span class='ocrx_word' id='word_1_24' title='bbox 771 893 828 956; x_wconf 91' lang='lat' dir='ltr'>si</span> <span class='ocrx_word' id='word_1_25' title='bbox 857 893 1013 975; x_wconf 85' lang='lat' dir='ltr'>quid</span> <span class='ocrx_word' id='word_1_26' title='bbox 1042 892 1331 958; x_wconf 75' lang='lat' dir='ltr'>Pholoe‘n</span> <span class='ocrx_word' id='word_1_27' title='bbox 1359 893 1536 971; x_wconf 80' lang='lat' dir='ltr'>satis,</span> 
     </span>
    </p>

    <p class='ocr_par' dir='ltr' id='par_1_9' title="bbox 563 1002 1830 1197">
     <span class='ocr_line' id='line_1_11' title="bbox 649 1002 1830 1081; baseline 0.003 -17"><span class='ocrx_word' id='word_1_28' title='bbox 649 1002 737 1064; x_wconf 89' lang='lat' dir='ltr'>Et</span> <span class='ocrx_word' id='word_1_29' title='bbox 764 1009 849 1080; x_wconf 89' lang='lat' dir='ltr'>te,</span> <span class='ocrx_word' id='word_1_30' title='bbox 884 1002 1126 1081; x_wconf 89' lang='lat' dir='ltr'>Chlori,</span> <span class='ocrx_word' id='word_1_31' title='bbox 1159 1002 1379 1067; x_wconf 87' lang='lat' dir='ltr'>decet:</span> <span class='ocrx_word' id='word_1_32' title='bbox 1426 1003 1566 1066; x_wconf 86' lang='lat' dir='ltr'>filia</span> <span class='ocrx_word' id='word_1_33' title='bbox 1592 1002 1830 1067; x_wconf 87' lang='lat' dir='ltr'>rectius</span> 
     </span>
     <span class='ocr_line' id='line_1_12' title="bbox 563 1113 1520 1197; baseline 0.002 -22"><span class='ocrx_word' id='word_1_34' title='bbox 563 1113 908 1196; x_wconf 77' lang='lat' dir='ltr'>Expugnat</span> <span class='ocrx_word' id='word_1_35' title='bbox 933 1115 1247 1197; x_wconf 83' lang='lat' dir='ltr'>juvenum</span> <span class='ocrx_word' id='word_1_36' title='bbox 1276 1115 1520 1193; x_wconf 88' lang='lat' dir='ltr'>domos,</span> 
     </span>
    </p>

    <p class='ocr_par' dir='ltr' id='par_1_10' title="bbox 563 1224 1881 1418">
     <span class='ocr_line' id='line_1_13' title="bbox 650 1224 1881 1310; baseline 0 -22"><span class='ocrx_word' id='word_1_37' title='bbox 650 1224 846 1289; x_wconf 84' lang='lat' dir='ltr'>Pulso</span> <span class='ocrx_word' id='word_1_38' title='bbox 875 1225 1114 1309; x_wconf 80' lang='lat' dir='ltr'>Thyias</span> <span class='ocrx_word' id='word_1_39' title='bbox 1142 1225 1242 1288; x_wconf 91' lang='lat' dir='ltr'>uti</span> <span class='ocrx_word' id='word_1_40' title='bbox 1273 1226 1527 1290; x_wconf 81' lang='lat' dir='ltr'>concita</span> <span class='ocrx_word' id='word_1_41' title='bbox 1552 1232 1881 1310; x_wconf 79' lang='lat' dir='ltr'>tympano.</span> 
     </span>
     <span class='ocr_line' id='line_1_14' title="bbox 563 1322 1508 1418; baseline 0.002 -21"><span class='ocrx_word' id='word_1_42' title='bbox 563 1334 754 1397; x_wconf 79' lang='lat' dir='ltr'>Illam</span> <span class='ocrx_word' id='word_1_43' title='bbox 783 1335 957 1418; x_wconf 82' lang='lat' dir='ltr'>cogit</span> <span class='ocrx_word' id='word_1_44' title='bbox 985 1356 1164 1400; x_wconf 82' lang='lat' dir='ltr'>amor</span> <span class='ocrx_word' id='word_1_45' title='bbox 1192 1333 1403 1400; x_wconf 86' lang='lat' dir='ltr'>Nothi</span> <span class='ocrx_word' id='word_1_46' title='bbox 1502 1322 1508 1327; x_wconf 42' lang='lat'>¹</span> 
     </span>
    </p>

    <p class='ocr_par' dir='ltr' id='par_1_11' title="bbox 564 1446 1795 1639">
     <span class='ocr_line' id='line_1_15' title="bbox 651 1446 1795 1530; baseline 0.002 -21"><span class='ocrx_word' id='word_1_47' title='bbox 651 1446 933 1510; x_wconf 85' lang='lat' dir='ltr'>Lascivae</span> <span class='ocrx_word' id='word_1_48' title='bbox 962 1446 1238 1510; x_wconf 85' lang='lat' dir='ltr'>similem</span> <span class='ocrx_word' id='word_1_49' title='bbox 1264 1446 1485 1511; x_wconf 85' lang='lat' dir='ltr'>ludere</span> <span class='ocrx_word' id='word_1_50' title='bbox 1516 1467 1795 1530; x_wconf 72' lang='lat' dir='ltr'>capreae:</span> 
     </span>
     <span class='ocr_line' id='line_1_16' title="bbox 564 1552 1381 1639; baseline 0.002 -24"><span class='ocrx_word' id='word_1_51' title='bbox 564 1552 655 1615; x_wconf 83' lang='lat' dir='ltr'>Te</span> <span class='ocrx_word' id='word_1_52' title='bbox 683 1553 846 1618; x_wconf 84' lang='lat' dir='ltr'>lanae</span> <span class='ocrx_word' id='word_1_53' title='bbox 875 1574 1070 1639; x_wconf 83' lang='lat' dir='ltr'>prope</span> <span class='ocrx_word' id='word_1_54' title='bbox 1097 1553 1381 1618; x_wconf 90' lang='lat' dir='ltr'>nobilem</span> 
     </span>
    </p>

    <p class='ocr_par' dir='ltr' id='par_1_12' title="bbox 565 1665 2040 1861">
     <span class='ocr_line' id='line_1_17' title="bbox 652 1665 2040 1745; baseline 0.001 -17"><span class='ocrx_word' id='word_1_55' title='bbox 652 1666 877 1730; x_wconf 82' lang='lat' dir='ltr'>Tonsae</span> <span class='ocrx_word' id='word_1_56' title='bbox 907 1666 1269 1745; x_wconf 75' lang='lat' dir='ltr'>Luceriam,</span> <span class='ocrx_word' id='word_1_57' title='bbox 1300 1687 1433 1730; x_wconf 91' lang='lat' dir='ltr'>non</span> <span class='ocrx_word' id='word_1_58' title='bbox 1462 1665 1746 1744; x_wconf 82' lang='lat' dir='ltr'>citharae,</span> <span class='ocrx_word' id='word_1_59' title='bbox 1794 1665 2040 1745; x_wconf 89' lang='lat' dir='ltr'>decent,</span> 
     </span>
     <span class='ocr_line' id='line_1_18' title="bbox 565 1777 1448 1861; baseline 0 -20"><span class='ocrx_word' id='word_1_60' title='bbox 565 1777 709 1841; x_wconf 91' lang='lat' dir='ltr'>Nec</span> <span class='ocrx_word' id='word_1_61' title='bbox 738 1777 854 1841; x_wconf 88' lang='lat' dir='ltr'>flos</span> <span class='ocrx_word' id='word_1_62' title='bbox 881 1797 1236 1861; x_wconf 86' lang='lat' dir='ltr'>purpureus</span> <span class='ocrx_word' id='word_1_63' title='bbox 1265 1797 1448 1856; x_wconf 89' lang='lat' dir='ltr'>rosae,</span> 
     </span>
    </p>

    <p class='ocr_par' dir='ltr' id='par_1_13' title="bbox 648 1886 1912 1973">
     <span class='ocr_line' id='line_1_19' title="bbox 648 1886 1912 1973; baseline -0.001 -21"><span class='ocrx_word' id='word_1_64' title='bbox 648 1889 795 1952; x_wconf 89' lang='lat' dir='ltr'>Nec</span> <span class='ocrx_word' id='word_1_65' title='bbox 824 1889 979 1973; x_wconf 86' lang='lat' dir='ltr'>poti,</span> <span class='ocrx_word' id='word_1_66' title='bbox 1010 1888 1313 1967; x_wconf 84' lang='lat' dir='ltr'>vetulam,</span> <span class='ocrx_word' id='word_1_67' title='bbox 1344 1887 1500 1952; x_wconf 85' lang='lat' dir='ltr'>faece</span> <span class='ocrx_word' id='word_1_68' title='bbox 1529 1893 1720 1951; x_wconf 84' lang='lat' dir='ltr'>tenus</span> <span class='ocrx_word' id='word_1_69' title='bbox 1750 1886 1912 1951; x_wconf 85' lang='lat' dir='ltr'>cadi.</span> 
     </span>
    </p>
   </div>
   <div class='ocr_carea' id='block_1_7' title="bbox 1202 2272 1393 2337">
    <p class='ocr_par' dir='ltr' id='par_1_14' title="bbox 1202 2272 1393 2337">
     <span class='ocr_line' id='line_1_20' title="bbox 1202 2272 1393 2337; baseline 0.01 -2"><span class='ocrx_word' id='word_1_70' title='bbox 1202 2272 1393 2337; x_wconf 89' lang='lat' dir='ltr'><strong>XVI.</strong></span> 
     </span>
    </p>
   </div>
   <div class='ocr_carea' id='block_1_8' title="bbox 564 2408 1872 2818">
    <p class='ocr_par' dir='ltr' id='par_1_15' title="bbox 567 2408 1696 2488">
     <span class='ocr_line' id='line_1_21' title="bbox 567 2408 1696 2488; baseline -0.003 -13"><span class='ocrx_word' id='word_1_71' title='bbox 567 2411 917 2475; x_wconf 68' lang='lat' dir='ltr'>Ixcmsm</span> <span class='ocrx_word' id='word_1_72' title='bbox 948 2410 1220 2474; x_wconf 66' lang='lat' dir='ltr'>Danaen</span> <span class='ocrx_word' id='word_1_73' title='bbox 1249 2408 1445 2474; x_wconf 88' lang='lat' dir='ltr'>turris</span> <span class='ocrx_word' id='word_1_74' title='bbox 1475 2412 1696 2488; x_wconf 67' lang='lat' dir='ltr'>aenea,</span> 
     </span>
    </p>

    <p class='ocr_par' dir='ltr' id='par_1_16' title="bbox 565 2518 1872 2603">
     <span class='ocr_line' id='line_1_22' title="bbox 565 2518 1872 2603; baseline -0.002 -18"><span class='ocrx_word' id='word_1_75' title='bbox 565 2520 998 2603; x_wconf 84' lang='lat' dir='ltr'>Robustaeque</span> <span class='ocrx_word' id='word_1_76' title='bbox 1025 2519 1213 2598; x_wconf 87' lang='lat' dir='ltr'>fores,</span> <span class='ocrx_word' id='word_1_77' title='bbox 1247 2525 1313 2583; x_wconf 88' lang='lat' dir='ltr'>et</span> <span class='ocrx_word' id='word_1_78' title='bbox 1341 2518 1612 2602; x_wconf 85' lang='lat' dir='ltr'>vigilum</span> <span class='ocrx_word' id='word_1_79' title='bbox 1641 2539 1872 2583; x_wconf 84' lang='lat' dir='ltr'>canum</span> 
     </span>
    </p>

    <p class='ocr_par' dir='ltr' id='par_1_17' title="bbox 564 2629 1701 2818">
     <span class='ocr_line' id='line_1_23' title="bbox 564 2629 1701 2696; baseline -0.002 -1"><span class='ocrx_word' id='word_1_80' title='bbox 564 2632 805 2696; x_wconf 77' lang='lat' dir='ltr'>Tristes</span> <span class='ocrx_word' id='word_1_81' title='bbox 834 2630 1118 2695; x_wconf 84' lang='lat' dir='ltr'>excubiae</span> <span class='ocrx_word' id='word_1_82' title='bbox 1145 2630 1516 2695; x_wconf 80' lang='lat' dir='ltr'>munierant</span> <span class='ocrx_word' id='word_1_83' title='bbox 1544 2629 1701 2693; x_wconf 84' lang='lat' dir='ltr'>satis</span> 
     </span>
     <span class='ocr_line' id='line_1_24' title="bbox 651 2739 1478 2818; baseline -0.004 -13"><span class='ocrx_word' id='word_1_84' title='bbox 651 2740 1008 2805; x_wconf 84' lang='lat' dir='ltr'>Nocturnis</span> <span class='ocrx_word' id='word_1_85' title='bbox 1039 2739 1118 2804; x_wconf 82' lang='lat' dir='ltr'>ab</span> <span class='ocrx_word' id='word_1_86' title='bbox 1149 2739 1478 2818; x_wconf 82' lang='lat' dir='ltr'>adulteris,</span> 
     </span>
    </p>
   </div>
   <div class='ocr_carea' id='block_1_9' title="bbox 565 2878 1950 3075">
    <p class='ocr_par' dir='ltr' id='par_1_18' title="bbox 565 2878 1950 3075">
     <span class='ocr_line' id='line_1_25' title="bbox 570 2878 1743 2961; baseline -0.002 -16"><span class='ocrx_word' id='word_1_87' title='bbox 570 2881 641 2945; x_wconf 89' lang='lat' dir='ltr'>Si</span> <span class='ocrx_word' id='word_1_88' title='bbox 667 2902 801 2945; x_wconf 92' lang='lat' dir='ltr'>non</span> <span class='ocrx_word' id='word_1_89' title='bbox 829 2879 1174 2957; x_wconf 84' lang='lat' dir='ltr'>Acrisium,</span> <span class='ocrx_word' id='word_1_90' title='bbox 1206 2878 1474 2961; x_wconf 82' lang='lat' dir='ltr'>virginis</span> <span class='ocrx_word' id='word_1_91' title='bbox 1506 2879 1743 2943; x_wconf 72' lang='lat' dir='ltr'>abditae</span> 
     </span>
     <span class='ocr_line' id='line_1_26' title="bbox 565 2988 1950 3075; baseline -0.004 -18"><span class='ocrx_word' id='word_1_92' title='bbox 565 2990 914 3057; x_wconf 80' lang='lat' dir='ltr'>Custodem</span> <span class='ocrx_word' id='word_1_93' title='bbox 942 2988 1268 3075; x_wconf 85' lang='lat' dir='ltr'>pavidum,</span> <span class='ocrx_word' id='word_1_94' title='bbox 1301 2990 1344 3053; x_wconf 84' lang='lat' dir='ltr'><strong>J</strong></span> <span class='ocrx_word' id='word_1_95' title='bbox 1345 2988 1602 3072; x_wconf 90' lang='lat' dir='ltr'>uppiter</span> <span class='ocrx_word' id='word_1_96' title='bbox 1630 2996 1697 3053; x_wconf 92' lang='lat' dir='ltr'>et</span> <span class='ocrx_word' id='word_1_97' title='bbox 1726 2989 1950 3052; x_wconf 84' lang='lat' dir='ltr'>Venus</span> 
     </span>
    </p>
   </div>
   <div class='ocr_carea' id='block_1_10' title="bbox 516 3098 2058 3183">
    <p class='ocr_par' dir='ltr' id='par_1_19' title="bbox 516 3098 2058 3183">
     <span class='ocr_line' id='line_1_27' title="bbox 516 3098 2058 3183; baseline -0.005 -15"><span class='ocrx_word' id='word_1_98' title='bbox 516 3135 523 3139; x_wconf 79' lang='grc'><em>·</em></span> <span class='ocrx_word' id='word_1_99' title='bbox 568 3102 882 3167; x_wconf 84' lang='lat' dir='ltr'>Risissent</span> <span class='ocrx_word' id='word_1_100' title='bbox 908 3126 922 3165; x_wconf 76' lang='grc' dir='ltr'><strong><em>ε</em></strong></span> <span class='ocrx_word' id='word_1_101' title='bbox 968 3100 1105 3163; x_wconf 85' lang='lat' dir='ltr'>fore</span> <span class='ocrx_word' id='word_1_102' title='bbox 1134 3099 1310 3163; x_wconf 88' lang='lat' dir='ltr'>enim</span> <span class='ocrx_word' id='word_1_103' title='bbox 1338 3105 1558 3162; x_wconf 90' lang='lat' dir='ltr'>tutum</span> <span class='ocrx_word' id='word_1_104' title='bbox 1585 3098 1710 3162; x_wconf 89' lang='lat' dir='ltr'>iter</span> <span class='ocrx_word' id='word_1_105' title='bbox 1739 3105 1805 3162; x_wconf 91' lang='lat' dir='ltr'>et</span> <span class='ocrx_word' id='word_1_106' title='bbox 1833 3105 2058 3183; x_wconf 84' lang='lat' dir='ltr'>patens</span> 
     </span>
    </p>
   </div>
   <div class='ocr_carea' id='block_1_11' title="bbox 564 3208 1928 4002">
    <p class='ocr_par' dir='ltr' id='par_1_20' title="bbox 564 3208 1928 4002">
     <span class='ocr_line' id='line_1_28' title="bbox 651 3208 1546 3293; baseline -0.003 -18"><span class='ocrx_word' id='word_1_107' title='bbox 651 3212 971 3275; x_wconf 84' lang='lat' dir='ltr'>Converso</span> <span class='ocrx_word' id='word_1_108' title='bbox 998 3210 1069 3273; x_wconf 91' lang='lat' dir='ltr'>in</span> <span class='ocrx_word' id='word_1_109' title='bbox 1097 3209 1375 3293; x_wconf 90' lang='lat' dir='ltr'>pretium</span> <span class='ocrx_word' id='word_1_110' title='bbox 1387 3208 1546 3274; x_wconf 88' lang='lat' dir='ltr'>.deo.</span> 
     </span>
     <span class='ocr_line' id='line_1_29' title="bbox 564 3346 1710 3434; baseline -0.003 -20"><span class='ocrx_word' id='word_1_111' title='bbox 564 3352 819 3415; x_wconf 88' lang='lat' dir='ltr'>Aurum</span> <span class='ocrx_word' id='word_1_112' title='bbox 844 3369 958 3434; x_wconf 90' lang='lat' dir='ltr'>per</span> <span class='ocrx_word' id='word_1_113' title='bbox 986 3347 1230 3412; x_wconf 85' lang='lat' dir='ltr'>medios</span> <span class='ocrx_word' id='word_1_114' title='bbox 1258 3347 1351 3410; x_wconf 91' lang='lat' dir='ltr'>ire</span> <span class='ocrx_word' id='word_1_115' title='bbox 1380 3346 1710 3425; x_wconf 80' lang='lat' dir='ltr'>satellites,</span> 
     </span>
     <span class='ocr_line' id='line_1_30' title="bbox 564 3457 1828 3545; baseline -0.003 -21"><span class='ocrx_word' id='word_1_116' title='bbox 564 3462 654 3524; x_wconf 89' lang='lat' dir='ltr'>Et</span> <span class='ocrx_word' id='word_1_117' title='bbox 680 3479 1089 3545; x_wconf 88' lang='lat' dir='ltr'>perrumpere</span> <span class='ocrx_word' id='word_1_118' title='bbox 1117 3464 1293 3522; x_wconf 77' lang='lat' dir='ltr'>amat</span> <span class='ocrx_word' id='word_1_119' title='bbox 1321 3479 1473 3528; x_wconf 79' lang='lat' dir='ltr'>saxa</span> <span class='ocrx_word' id='word_1_120' title='bbox 1499 3457 1828 3542; x_wconf 88' lang='lat' dir='ltr'>potentius</span> 
     </span>
     <span class='ocr_line' id='line_1_31' title="bbox 566 3567 1718 3652; baseline -0.005 -15"><span class='ocrx_word' id='word_1_121' title='bbox 566 3574 718 3637; x_wconf 87' lang='lat' dir='ltr'>Ictu</span> <span class='ocrx_word' id='word_1_122' title='bbox 745 3570 1096 3634; x_wconf 81' lang='lat' dir='ltr'>fulmineo:</span> <span class='ocrx_word' id='word_1_123' title='bbox 1143 3568 1425 3634; x_wconf 86' lang='lat' dir='ltr'>concidit</span> <span class='ocrx_word' id='word_1_124' title='bbox 1454 3567 1718 3652; x_wconf 79' lang='lat' dir='ltr'>auguris</span> 
     </span>
     <span class='ocr_line' id='line_1_32' title="bbox 651 3673 1525 3763; baseline -0.002 -19"><span class='ocrx_word' id='word_1_125' title='bbox 651 3680 879 3763; x_wconf 84' lang='lat' dir='ltr'>Argivi</span> <span class='ocrx_word' id='word_1_126' title='bbox 906 3679 1133 3744; x_wconf 84' lang='lat' dir='ltr'>domus</span> <span class='ocrx_word' id='word_1_127' title='bbox 1162 3677 1244 3743; x_wconf 90' lang='lat' dir='ltr'>ob</span> <span class='ocrx_word' id='word_1_128' title='bbox 1272 3673 1525 3742; x_wconf 80' lang='lat' dir='ltr'>lucrum</span> 
     </span>
     <span class='ocr_line' id='line_1_33' title="bbox 565 3811 1712 3892; baseline -0.005 -11"><span class='ocrx_word' id='word_1_129' title='bbox 565 3817 877 3881; x_wconf 81' lang='lat' dir='ltr'>Demersa</span> <span class='ocrx_word' id='word_1_130' title='bbox 904 3814 1140 3892; x_wconf 82' lang='lat' dir='ltr'>exitio;</span> <span class='ocrx_word' id='word_1_131' title='bbox 1189 3812 1420 3877; x_wconf 83' lang='lat' dir='ltr'>diffidit</span> <span class='ocrx_word' id='word_1_132' title='bbox 1448 3811 1712 3876; x_wconf 86' lang='lat' dir='ltr'>urbium</span> 
     </span>
     <span class='ocr_line' id='line_1_34' title="bbox 566 3921 1928 4002; baseline -0.004 -11"><span class='ocrx_word' id='word_1_133' title='bbox 566 3927 797 3991; x_wconf 81' lang='lat' dir='ltr'>Portas</span> <span class='ocrx_word' id='word_1_134' title='bbox 824 3924 921 3987; x_wconf 82' lang='lat' dir='ltr'>vir</span> <span class='ocrx_word' id='word_1_135' title='bbox 955 3922 1254 4002; x_wconf 81' lang='lat' dir='ltr'>MacedO,</span> <span class='ocrx_word' id='word_1_136' title='bbox 1286 3927 1352 3988; x_wconf 91' lang='lat' dir='ltr'>et</span> <span class='ocrx_word' id='word_1_137' title='bbox 1380 3921 1637 3987; x_wconf 86' lang='lat' dir='ltr'>subruit</span> <span class='ocrx_word' id='word_1_138' title='bbox 1665 3922 1928 3986; x_wconf 76' lang='lat' dir='ltr'>aemulos</span> 
     </span>
    </p>
   </div>
   <div class='ocr_carea' id='block_1_12' title="bbox 571 4032 1827 4227">
    <p class='ocr_par' dir='ltr' id='par_1_21' title="bbox 571 4032 1827 4227">
     <span class='ocr_line' id='line_1_35' title="bbox 571 4032 1827 4119; baseline -0.003 -19"><span class='ocrx_word' id='word_1_139' title='bbox 571 4037 780 4119; x_wconf 86' lang='lat' dir='ltr'>Reges</span> <span class='ocrx_word' id='word_1_140' title='bbox 807 4032 1224 4112; x_wconf 84' lang='lat' dir='ltr'>muneribus;</span> <span class='ocrx_word' id='word_1_141' title='bbox 1269 4053 1539 4097; x_wconf 80' lang='lat' dir='ltr'>munera</span> <span class='ocrx_word' id='word_1_142' title='bbox 1565 4032 1827 4097; x_wconf 82' lang='lat' dir='ltr'>navium</span> 
     </span>
     <span class='ocr_line' id='line_1_36' title="bbox 657 4143 1483 4227; baseline -0.001 -18"><span class='ocrx_word' id='word_1_143' title='bbox 657 4146 870 4210; x_wconf 83' lang='lat' dir='ltr'>Saevos</span> <span class='ocrx_word' id='word_1_144' title='bbox 898 4144 1245 4227; x_wconf 79' lang='lat' dir='ltr'>illaqueant</span> <span class='ocrx_word' id='word_1_145' title='bbox 1273 4143 1483 4208; x_wconf 83' lang='lat' dir='ltr'>duces.</span> 
     </span>
    </p>
   </div>
   <div class='ocr_carea' id='block_1_13' title="bbox 774 4291 1848 4342">
    <p class='ocr_par' dir='ltr' id='par_1_22' title="bbox 774 4291 1848 4342">
     <span class='ocr_line' id='line_1_37' title="bbox 774 4291 1848 4342; baseline -0.004 -1"><span class='ocrx_word' id='word_1_146' title='bbox 774 4307 857 4342; x_wconf 68' lang='lat' dir='ltr'>n.</span> <span class='ocrx_word' id='word_1_147' title='bbox 895 4293 972 4342; x_wconf 82' lang='lat'>16.</span> <span class='ocrx_word' id='word_1_148' title='bbox 998 4294 1189 4342; x_wconf 75' lang='lat' dir='ltr'>vetula.</span> <span class='ocrx_word' id='word_1_149' title='bbox 1390 4305 1496 4340; x_wconf 66' lang='grc' dir='ltr'>ιη.</span> <span class='ocrx_word' id='word_1_150' title='bbox 1534 4292 1612 4339; x_wconf 87' lang='grc'><strong>13.</strong></span> <span class='ocrx_word' id='word_1_151' title='bbox 1637 4291 1848 4338; x_wconf 81' lang='lat' dir='ltr'>excidio.</span> 
     </span>
    </p>
   </div>
   <div class='ocr_carea' id='block_1_14' title="bbox 2659 290 2726 348">
    <p class='ocr_par' dir='ltr' id='par_1_23' title="bbox 2659 290 2726 348">
     <span class='ocr_line' id='line_1_38' title="bbox 2659 290 2726 348; baseline -0.06 0"><span class='ocrx_word' id='word_1_152' title='bbox 2659 290 2726 348; x_wconf 84' lang='lat'>71</span> 
     </span>
    </p>
   </div>
   <div class='ocr_carea' id='block_1_15' title="bbox 2329 476 2717 524">
    <p class='ocr_par' dir='ltr' id='par_1_24' title="bbox 2329 476 2717 524">
     <span class='ocr_line' id='line_1_39' title="bbox 2329 476 2717 524; baseline 0.01 -8"><span class='ocrx_word' id='word_1_153' title='bbox 2329 476 2438 524; x_wconf 74' lang='lat' dir='ltr'>sam.</span> <span class='ocrx_word' id='word_1_154' title='bbox 2460 477 2508 518; x_wconf 84' lang='lat' dir='ltr'>C.</span> <span class='ocrx_word' id='word_1_155' title='bbox 2529 480 2567 519; x_wconf 80' lang='grc'><strong>3.</strong></span> <span class='ocrx_word' id='word_1_156' title='bbox 2591 481 2628 520; x_wconf 84' lang='grc'><strong>3.</strong></span> <span class='ocrx_word' id='word_1_157' title='bbox 2651 481 2717 520; x_wconf 67' lang='grc'><strong>2(“.</strong></span> 
     </span>
    </p>
   </div>
   <div class='ocr_carea' id='block_1_16' title="bbox 2333 1220 2728 1322">
    <p class='ocr_par' dir='ltr' id='par_1_25' title="bbox 2333 1220 2728 1322">
     <span class='ocr_line' id='line_1_40' title="bbox 2336 1220 2668 1261; baseline 0 0"><span class='ocrx_word' id='word_1_158' title='bbox 2336 1234 2396 1261; x_wconf 76' lang='grc' dir='ltr'>ιο.</span> <span class='ocrx_word' id='word_1_159' title='bbox 2418 1220 2465 1260; x_wconf 87' lang='lat' dir='ltr'>C.</span> <span class='ocrx_word' id='word_1_160' title='bbox 2487 1222 2524 1260; x_wconf 80' lang='lat'>2.</span> <span class='ocrx_word' id='word_1_161' title='bbox 2547 1220 2668 1261; x_wconf 56' lang='lat'>1939.</span> 
     </span>
     <span class='ocr_line' id='line_1_41' title="bbox 2333 1271 2728 1322; baseline 0.008 -12"><span class='ocrx_word' id='word_1_162' title='bbox 2333 1273 2434 1322; x_wconf 67' lang='lat' dir='ltr'>tyn.</span> <span class='ocrx_word' id='word_1_163' title='bbox 2455 1271 2503 1311; x_wconf 87' lang='lat' dir='ltr'>C.</span> <span class='ocrx_word' id='word_1_164' title='bbox 2524 1272 2560 1312; x_wconf 84' lang='lat'>1.</span> <span class='ocrx_word' id='word_1_165' title='bbox 2583 1273 2645 1311; x_wconf 86' lang='grc'><strong>18.</strong></span> <span class='ocrx_word' id='word_1_166' title='bbox 2667 1273 2728 1313; x_wconf 76' lang='lat'>14.</span> 
     </span>
    </p>
   </div>
   <div class='ocr_carea' id='block_1_17' title="bbox 2333 1914 2692 1958">
    <p class='ocr_par' dir='ltr' id='par_1_26' title="bbox 2333 1914 2692 1958">
     <span class='ocr_line' id='line_1_42' title="bbox 2333 1914 2692 1958; baseline 0 -1"><span class='ocrx_word' id='word_1_167' title='bbox 2333 1919 2393 1957; x_wconf 73' lang='lat'>3⁶.</span> <span class='ocrx_word' id='word_1_168' title='bbox 2415 1915 2464 1957; x_wconf 85' lang='lat'>0.</span> <span class='ocrx_word' id='word_1_169' title='bbox 2484 1915 2523 1958; x_wconf 89' lang='lat'>1.</span> <span class='ocrx_word' id='word_1_170' title='bbox 2543 1916 2607 1957; x_wconf 75' lang='lat'>3⁵.</span> <span class='ocrx_word' id='word_1_171' title='bbox 2628 1914 2692 1957; x_wconf 76' lang='grc'><strong>27.</strong></span> 
     </span>
    </p>
   </div>
  </div>
 </body>
</html>
