3025 4776
348 276 461 331 126

337 467 446 519 Spa.
467 467 516 508 e.
536 468 575 508 s.
597 466 737 507 14.1o.

345 690 381 730 7.
406 680 453 720 C.
474 680 511 719 4.
534 681 571 719 5.
591 680 655 719 26.

341 799 380 836 8.
402 794 450 836 c.
474 794 510 835 1.
534 794 569 834 1.
589 795 654 834 24.

342 922 380 960 9·
403 910 450 951 C.
476 910 511 950 l.
531 910 595 950 85.
615 908 679 949 34.

343 1428 427 1469 dh.
452 1430 530 1480 Ep.
552 1430 613 1469 17.
634 1429 699 1469 48.

343 1479 427 1519 ine.
450 1481 498 1520 C.
521 1479 556 1520 1.
578 1481 640 1520 16.
660 1479 725 1520 21.

346 2226 412 2256 οι.
434 2214 482 2256 C.
502 2216 541 2255 3.
564 2214 627 2255 11.
646 2214 710 2255 49.

349 2540 426 2582 ali.
448 2540 496 2579 C.
516 2540 553 2579 4.
571 2540 610 2580 Β.
631 2540 695 2580 24.

452 2590 533 2640 Ep.
557 2593 621 2630 10.
641 2591 677 2630 1.

336 2667 435 2718 jur.
458 2665 538 2716 Ep.
559 2665 622 2705 15.
641 2666 680 2705 4.

355 3010 472 3051 Mat.
493 3008 540 3049 C.
562 3010 597 3047 1.
618 3009 681 3047 28.
702 3009 741 3048 3.

556 3062 595 3100 4.
614 3060 652 3098 2.
672 3059 736 3099 27.

357 3343 422 3380 ³¹·
442 3329 494 3370 Α.
518 3329 564 3370 Ρ.
592 3329 653 3368 12.

357 3547 453 3579 rav.
475 3535 522 3577 C.
542 3538 580 3577 3.
601 3535 663 3576 27.
683 3536 722 3576 3.

1180 270 1247 343 ρ.
1294 271 1611 328 HORATJ
1645 270 1933 328 FLAooz

852 440 1117 513 AEmula
1143 460 1263 505 nec
1292 440 1495 517 virtus
1527 440 1784 524 Capuae,
1815 460 1935 504 nec
1968 440 2311 523 Spartacus
2342 458 2506 516 acer,
2718 441 2756 499 5

936 550 1267 633 Novisque
1296 551 1487 614 rebus
1521 550 1795 613 infidelis
1823 549 2151 628 Allobrox,

852 661 996 726 Nec
1025 660 1160 724 fera
1191 660 1461 725 caerulea
1489 658 1741 724 domuit
1773 659 2119 724 Germania
2147 658 2336 742 pube,

939 770 1451 853 Parentibusque
1481 770 1887 833 abominatus
1921 769 2274 847 Hannibal,

853 884 1067 967 Impia
1094 883 1432 968 perdemus
1463 881 1676 947 devoti
1705 881 2033 965 sanguinis
2063 889 2217 945 aetas
2240 906 2259 958 ς

941 993 1243 1076 Ferisque
1273 1014 1493 1056 rursus
1524 992 1941 1075 occupabitur
1968 991 2197 1055 solum.
2680 991 2761 1050 10

854 1102 1197 1182 Barbarus,
1230 1102 1360 1167 heu
1386 1103 1400 1165 !
1451 1102 1694 1166 cineres
1722 1101 1976 1165 insistet
2004 1101 2227 1178 victor,
2258 1107 2325 1163 et
2357 1098 2605 1163 Urbem

939 1213 1154 1295 Eques
1183 1219 1453 1275 sonante
1484 1211 1845 1275 verberabit
1873 1212 2154 1294 ungula;

857 1321 1147 1404 Quaeque
1177 1330 1396 1384 carent
1424 1320 1630 1384 ventis
1660 1328 1725 1384 et
1755 1322 1999 1385 solibus
2029 1343 2172 1385 ossa
2202 1321 2480 1409 Quirini,

943 1432 1144 1495 Nefas
1175 1431 1385 1494 videre
1414 1431 1427 1493 l
1479 1430 1811 1513 dissipabit
1839 1432 2138 1495 insolens.

858 1543 1049 1604 Forte
1079 1540 1234 1623 quid
1263 1540 1556 1623 expediat
1585 1542 2013 1605 communiter
2042 1550 2154 1606 aut
2182 1542 2407 1606 melior
2435 1563 2581 1625 pars
2684 1544 2762 1604 15

944 1651 1140 1714 Malis
1170 1672 1384 1713 carere
1415 1651 1701 1733 quaeritis
1729 1652 2091 1730 laboribus;

855 1758 1060 1821 Nulla
1088 1758 1173 1820 sit
1201 1757 1322 1820 hac
1350 1758 1563 1841 potior
1592 1762 1910 1824 sententia
1936 1787 1950 1824 :
2001 1762 2418 1825 Phocaeorum

938 1867 1140 1930 Velut
1168 1867 1454 1951 profugit
1484 1875 1808 1930 exsecrata
1840 1869 2064 1931 civitas

855 1981 1066 2063 Agros
1096 1986 1288 2062 atque
1319 1980 1517 2043 Lares
1547 1980 1806 2063 patrios,
1839 1981 2309 2065 habitandaque
2339 1983 2491 2047 fana

945 2090 1141 2173 Apris
1170 2089 1429 2171 reliquit
1458 2098 1525 2153 et
1554 2090 1886 2173 rapacibus
1914 2091 2116 2175 lupis:
2679 2097 2766 2159 20

858 2201 986 2279 Ire,
1017 2200 1208 2284 pedes
1237 2221 1639 2284 quocumque
1668 2201 1898 2281 ferent,
1933 2225 2339 2288 quocumque
2369 2228 2481 2291 per
2509 2207 2715 2272 undas

944 2317 1161 2381 Notus
1190 2316 1461 2396 vocabit,
1495 2324 1609 2380 aut
1636 2325 1967 2403 protervus
1995 2321 2272 2385 Africus.

865 2429 972 2493 Sic
1000 2430 1209 2512 placet
1232 2429 1262 2491 ἰ’
1309 2450 1391 2511 an
1420 2429 1651 2493 melius
1681 2431 1825 2514 quis
1854 2432 2051 2497 habet
2079 2434 2395 2498 suadere?
2449 2435 2728 2499 secunda

949 2542 1182 2604 Ratem
1212 2560 1522 2623 occupare
1553 2540 1709 2623 quid
1739 2562 2064 2604 moramur
2092 2543 2242 2606 alite
2260 2545 2290 2607 ἶ)
2502 2611 2508 2616 ,

865 2650 992 2715 Sed
1015 2650 1309 2732 juremus
1338 2649 1408 2712 in
1435 2650 1576 2714 haec
1599 2650 1921 2714 :—Simul
1950 2652 2097 2715 imis
2127 2674 2283 2716 saxa
2310 2653 2599 2717 renarint
2685 2656 2767 2717 25

948 2759 1153 2823 Vadis
1182 2758 1410 2836 levata,
1442 2780 1525 2822 ne
1555 2759 1760 2823 redire
1792 2761 1876 2823 sit
1907 2761 2129 2840 nefas3

865 2872 1016 2935 Neu
1047 2889 1350 2932 conversa
1378 2867 1637 2932 domum
1669 2870 1884 2953 pigeat
1915 2869 2065 2934 dare
2094 2871 2311 2951 lintea,
2345 2872 2603 2956 quando

951 2978 1163 3042 Padus
1195 2977 1450 3040 Matina
1477 2978 1705 3042 laverit
1735 2979 2068 3042 cacumina
2087 3006 2108 3058 ς

868 3090 953 3154 In
984 3108 1159 3151 mare
1189 3107 1302 3150 seu
1332 3087 1537 3150 celsus
1567 3089 1953 3171 procurrerit
1983 3090 2426 3173 Appenninus,

953 3195 1268 3278 Novaque
1296 3202 1587 3258 monstra
1607 3197 1913 3278 junxerat
1942 3197 2206 3263 libidine
2690 3206 2777 3265 30

869 3305 1082 3368 Mirus
1114 3326 1309 3382 amor,
1335 3306 1519 3387 juvet
1549 3312 1623 3367 ut
1652 3305 1850 3387 tigres
1879 3306 2206 3372 subsidere
2236 3311 2457 3390 cervis,

954 3415 1378 3478 Adulteretur
1407 3422 1472 3478 et
1503 3414 1800 3479 columba
1828 3416 2028 3480 miluo
2050 3443 2070 3495 ς

870 3525 1146 3591 Credula
1174 3547 1292 3589 nec
1321 3547 1502 3589 ravos
1534 3526 1805 3589 timeant
1835 3536 2124 3590 armenta
2151 3529 2366 3594 leones
2387 3558 2408 3610 ς

956 3638 1279 3719 Ametque
1309 3637 1474 3699 salsa
1501 3637 1658 3700 levis
1688 3637 1905 3700 hircus
1935 3659 2301 3721 aequora.—

874 3748 1059 3824 Haec,
1091 3754 1157 3809 et
1190 3767 1331 3828 quae
1360 3754 1665 3829 poterunt
1695 3747 1939 3810 reditus
1969 3748 2336 3814 abscindere
2366 3752 2601 3832 dulceS,
2692 3757 2773 3818 35

957 3859 1200 3922 Eamus
1230 3859 1440 3921 omnis
1470 3866 1793 3923 exsecrata
1821 3861 2062 3940 civitas,

872 3971 1011 4036 Aut
1037 3990 1182 4053 pars
1213 3967 1473 4032 indocili
1500 3968 1727 4032 melior
1755 3991 1946 4054 grege
1969 3997 1989 4049 3
2037 3973 2247 4036 mollis
2277 3982 2343 4038 et
2386 3996 2605 4059 exspes

961 4079 1330 4144 Inominata
1358 4078 1705 4162 perprimat
1734 4080 1986 4145 cubilia.

1256 4255 1337 4303 19.
1371 4254 1628 4316 proprios.
1766 4257 1848 4306 33.
1885 4257 2042 4307 flavos
2062 4279 2076 4318 3
2114 4274 2292 4307 saevos.
