3025 4776
343 301 457 355 184

334 607 398 638 ιο.
420 594 468 636 C.
489 595 526 636 1.
546 594 585 635 7.
605 596 669 636 30.

334 1382 421 1413 cer.
446 1372 486 1411 S.
508 1373 545 1412 2.
567 1372 605 1412 1.
626 1373 689 1412 49.

334 1489 421 1528 ute.
444 1487 485 1527 Β.
509 1489 546 1528 2.
567 1489 605 1529 3.
628 1488 715 1529 180.

1181 295 1247 372 ρ.
1292 298 1611 357 HORATI
1641 298 1795 356 ΠΛ
1802 297 1931 356 CCI

761 469 876 531 Me
906 467 1071 550 gessi
1101 475 1352 531 certans
1382 489 1630 551 semper
1656 469 2050 532 melioribus,
2141 468 2319 550 Ergo

761 579 1014 660 Pauper
1043 577 1187 642 eris.
1276 580 1538 643 Fortem
1569 578 1693 642 hoc
1722 580 2011 642 animum
2041 579 2311 642 tolerare
2336 577 2624 660 jubeb03
2673 578 2759 641 20

761 689 849 751 Et
879 687 1201 770 quondam
1237 690 1483 772 majora
1511 689 1655 752 tuli.
1747 688 1847 751 'ru
1876 689 2166 772 protinus
2197 688 2367 752 unde

758 798 1032 862 Divitias
1062 799 1329 881 aerisque
1358 820 1564 876 ruam,
1598 798 1698 861 dic
1731 820 1955 881 augur,
1988 819 2260 863 acervos.

761 908 913 971 Dixi
943 908 1240 990 equidem
1271 916 1336 971 et
1369 908 1514 971 dico
1542 934 1555 972 :
1605 916 1819 990 captes
1850 916 2102 971 astutus
2130 908 2368 990 ubique

762 1021 1173 1083 Testamenta
1202 1040 1451 1097 senum,
1482 1040 1612 1081 neu
1642 1018 1696 1081 si
1727 1019 1898 1081 vafer
1927 1039 2096 1081 unus
2127 1026 2192 1082 et
2221 1018 2383 1081 alter

764 1129 1219 1193 Insidiatorem
1250 1150 1525 1212 praeroso
1554 1129 1791 1212 fugerit
1818 1129 2032 1205 hamo,
2671 1131 2753 1192 25

761 1242 900 1303 Aut
930 1262 1106 1323 spem
1138 1240 1416 1324 deponas
1446 1249 1558 1304 aut
1589 1250 1794 1305 artem
1822 1241 2048 1305 illusus
2079 1241 2361 1305 omittas.
2453 1265 2460 1270 ·

762 1352 1007 1433 Magna
1037 1351 1321 1414 minorve
1352 1351 1490 1414 foro
1521 1351 1575 1413 si
1605 1372 1706 1413 res
1737 1351 2090 1414 certabitur
2116 1351 2295 1429 olim,

759 1461 955 1525 Vivet
985 1468 1131 1524 uter
1159 1462 1440 1544 locuples
1468 1462 1607 1524 sine
1637 1462 1869 1544 gnatis,
1903 1462 2250 1544 improbus,
2283 1461 2454 1525 ultro

764 1574 897 1639 Qui
927 1573 1257 1636 meliorem
1287 1573 1490 1636 audax
1523 1581 1709 1636 vocet
1737 1572 1807 1636 in
1833 1573 1964 1655 juS,
1995 1573 2168 1636 illius
2199 1579 2338 1636 esto

676 1727 683 1734 -
762 1683 1118 1761 Defensor3
1165 1684 1337 1746 fama
1366 1684 1569 1747 civem
1600 1704 1920 1766 causaque
1964 1683 2241 1765 priorem
2615 1669 2628 1682 ’
2673 1686 2759 1745 30

341 2574 430 2604 cur.
452 2562 503 2604 E.
524 2562 559 2604 l.
580 2563 616 2602 2.
637 2563 686 2601 29
706 2574 718 2610 ς

585 2614 624 2653 4.
648 2614 708 2652 15.

340 2909 694 2960 ⁴1.S.1.10.36.

344 3899 426 3941 ale.
449 3898 496 3939 C.
517 3900 555 3940 2.
576 3899 612 3941 1.
632 3900 671 3939 6.

767 1795 809 1854 S
816 1813 1027 1875 peme‚
1058 1792 1233 1856 domi
1262 1793 1315 1855 si
1345 1801 1580 1875 gnatus
1611 1793 1732 1856 erit
1759 1792 2109 1856 fecundave
2140 1793 2392 1876 conjux.

766 1902 1009 1969 Quinte
1038 1911 1196 1986 puta
1226 1910 1336 1965 aut
1369 1902 1664 1980 Publi,—
1673 1903 1955 1985 gaudent
1985 1903 2377 1985 praenomine
2409 1902 2629 1965 molles

763 2012 1295 2077 Auriculae-tibi
1324 2034 1427 2076 me
1456 2012 1662 2076 virtus
1690 2021 1805 2075 tua
1832 2013 1987 2076 fecit
2018 2012 2333 2076 amicumz

765 2124 806 2186 J
812 2144 885 2185 us
915 2144 1145 2206 anceps
1174 2122 1343 2200 novi,
1378 2143 1599 2186 causas
1628 2121 1966 2210 defendere
1995 2143 2292 2205 possum3

763 2234 1010 2316 Eripiet
1041 2234 1245 2316 quivis
1276 2233 1491 2296 oculos
1523 2232 1712 2295 citius
1745 2232 1926 2310 mihi,
1961 2240 2250 2315 quam-te
2666 2235 2751 2295 35

765 2347 1225 2428 Contemptum
1255 2365 1432 2407 cassa
1459 2364 1624 2407 nuce
1653 2352 1956 2427 pauperet
1983 2369 1996 2407 ε
2044 2343 2182 2408 haec
2212 2364 2356 2408 mea
2384 2365 2537 2408 cura
2565 2351 2684 2423 est,

763 2455 868 2517 Ne
900 2454 1051 2537 quid
1079 2462 1153 2517 tu
1170 2442 1175 2445 ’
1185 2454 1411 2537 perdas
1439 2474 1570 2517 neu
1599 2453 1686 2516 sis
1705 2454 1917 2537 jocus.
2009 2454 2117 2518 Ire
2148 2454 2411 2518 domum
2442 2462 2631 2538 atque

767 2564 1139 2628 Pelliculam
1170 2584 1388 2627 curare
1412 2563 1571 2646 jube
1593 2590 1612 2642 3
1660 2565 1704 2627 fi
1734 2564 2027 2647 cognitor
2054 2565 2189 2649 ipse
2212 2591 2231 2642 ;

766 2677 992 2739 Persta
1021 2682 1212 2758 atque
1242 2675 1503 2753 obdura,
1538 2694 1650 2739 seu
1675 2675 1871 2739 rubra
1901 2676 2188 2739 canicula
2217 2673 2417 2739 findet

768 2785 1059 2848 Infantes
1088 2792 1352 2864 statuas,
1385 2806 1497 2848 seu
1527 2784 1749 2868 pingui
1778 2791 1997 2847 tentus
2027 2805 2245 2848 omaso
2673 2789 2761 2849 40

770 2895 998 2958 Furius
1027 2895 1327 2959 hibernas
1357 2916 1517 2958 cana
1546 2894 1689 2958 nive
1721 2901 2028 2978 conspuet
2060 2893 2275 2976 Alpes.

767 3006 1003 3068 Nonne
1032 3003 1225 3077 vides,
1256 2989 1484 3087 aliquis
1514 3003 1731 3066 cubito
1760 3009 2038 3065 stantem
2071 3023 2264 3085 prope
2294 3008 2570 3086 tangens

769 3114 1051 3197 Inquiet,
1084 3122 1159 3178 ut
1189 3115 1457 3198 patiens,
1489 3121 1566 3177 ut
1595 3113 1815 3176 amicis
1845 3120 2050 3197 aptus,
2082 3121 2158 3174 ut
2190 3133 2335 3175 acer
2360 3113 2387 3176 ἲ

768 3225 992 3288 Plures
1022 3225 1352 3288 annabunt
1382 3224 1619 3288 thunni
1648 3231 1713 3287 et
1744 3224 1982 3287 cetaria
2011 3232 2317 3287 crescent.

771 3336 841 3399 Si
865 3336 969 3400 cui
998 3345 1302 3419 praeterea
1330 3335 1575 3399 validus
1604 3335 1770 3397 male
1800 3335 1969 3397 filius
1998 3335 2068 3398 in
2091 3355 2159 3398 re
2675 3337 2760 3397 45

778 3446 1097 3509 Praeclara
1123 3446 1411 3509 sublatus
1444 3446 1672 3523 aletur,
1703 3466 1785 3507 ne
1814 3444 2226 3508 manifestum

767 3555 1024 3619 Caelibis
1061 3556 1439 3639 obsequium
1469 3555 1670 3618 nudet
1702 3564 1788 3634 te,
1818 3555 2051 3618 leniter
2078 3554 2147 3617 in
2178 3576 2355 3639 spem

768 3667 1011 3748 Arrepe
1041 3666 1376 3744 officiosus»,
1405 3673 1481 3729 ut
1511 3675 1578 3729 et
1608 3665 1885 3729 scribare
1914 3664 2233 3729 secundus

770 3781 977 3843 Heres
1006 3787 1089 3858 et,
1122 3781 1176 3842 si
1207 3779 1348 3862 quis
1378 3801 1562 3843 casus
1590 3800 1862 3863 puerum
1893 3780 2095 3863 egerit
2137 3780 2327 3853 Oret»,

768 3891 852 3954 In
879 3911 1152 3953 vacuum
1180 3889 1438 3953 venias:
1485 3910 1743 3972 perraro
1773 3889 1909 3953 haec
1938 3889 2077 3954 alea
2106 3889 2292 3954 fallit.
2672 3890 2765 3951 50

769 4000 902 4067 Qui
930 4007 1386 4064 testamentum
1418 3999 1628 4063 tradet
1656 4000 1778 4063 tibi
1810 4021 2084 4082 cumque
2112 3999 2476 4082 legendum,

769 4112 1072 4176 Abnucre
1103 4118 1169 4176 et
1196 4110 1447 4174 tabulas
1476 4131 1516 4173 a
1543 4117 1610 4174 te
1639 4130 1964 4174 removere
1994 4118 2341 4187 mement0‚

1199 4286 1278 4333 36.
1316 4300 1540 4347 quassa5
1581 4284 1820 4335 I’curast.
1955 4286 2036 4334 40.
2071 4283 2300 4334 infantis.
