<?xml version="1.0" encoding="UTF-8"?>
<!DOCTYPE html PUBLIC "-//W3C//DTD XHTML 1.0 Transitional//EN"
    "http://www.w3.org/TR/xhtml1/DTD/xhtml1-transitional.dtd">
<html xmlns="http://www.w3.org/1999/xhtml" xml:lang="en" lang="en">
 <head>
  <title>
</title>
<meta http-equiv="Content-Type" content="text/html;charset=utf-8" />
  <meta name='ocr-system' content='tesseract 3.04.00' />
  <meta name='ocr-capabilities' content='ocr_page ocr_carea ocr_par ocr_line ocrx_word'/>
</head>
<body>
  <div class='ocr_page' id='page_1' title='image "./quintihoratifla03horagoog_0146.png"; bbox 0 0 3025 4776; ppageno 0'>
   <div class='ocr_carea' id='block_1_1' title="bbox 328 357 437 414">
    <p class='ocr_par' dir='ltr' id='par_1_1' title="bbox 328 357 437 414">
     <span class='ocr_line' id='line_1_1' title="bbox 328 357 437 414; baseline -0.037 1"><span class='ocrx_word' id='word_1_1' title='bbox 328 357 437 414; x_wconf 82' lang='lat'><strong>114</strong></span> 
     </span>
    </p>
   </div>
   <div class='ocr_carea' id='block_1_2' title="bbox 330 768 682 824">
    <p class='ocr_par' dir='ltr' id='par_1_2' title="bbox 330 768 682 824">
     <span class='ocr_line' id='line_1_2' title="bbox 330 768 682 824; baseline -0.014 -8"><span class='ocrx_word' id='word_1_2' title='bbox 330 773 414 815; x_wconf 68' lang='grc' dir='ltr'><strong>αιι.</strong></span> <span class='ocrx_word' id='word_1_3' title='bbox 434 772 516 824; x_wconf 72' lang='lat' dir='ltr'><strong>Ep.</strong></span> <span class='ocrx_word' id='word_1_4' title='bbox 537 770 598 812; x_wconf 85' lang='lat'><strong>1⁷.</strong></span> <span class='ocrx_word' id='word_1_5' title='bbox 617 768 682 812; x_wconf 70' lang='grc' dir='ltr'><strong>ει.</strong></span> 
     </span>
    </p>
   </div>
   <div class='ocr_carea' id='block_1_3' title="bbox 336 1096 687 1142">
    <p class='ocr_par' dir='ltr' id='par_1_3' title="bbox 336 1096 687 1142">
     <span class='ocr_line' id='line_1_3' title="bbox 336 1096 687 1142; baseline -0.014 0"><span class='ocrx_word' id='word_1_6' title='bbox 336 1102 397 1142; x_wconf 78' lang='lat'><strong>¹⁶.</strong></span> <span class='ocrx_word' id='word_1_7' title='bbox 418 1099 466 1140; x_wconf 86' lang='lat' dir='ltr'><strong>C.</strong></span> <span class='ocrx_word' id='word_1_8' title='bbox 485 1100 524 1140; x_wconf 81' lang='lat'><strong>3.</strong></span> <span class='ocrx_word' id='word_1_9' title='bbox 543 1099 607 1139; x_wconf 75' lang='lat'><strong>³0.</strong></span> <span class='ocrx_word' id='word_1_10' title='bbox 623 1096 687 1137; x_wconf 86' lang='lat'><strong>11.</strong></span> 
     </span>
    </p>
   </div>
   <div class='ocr_carea' id='block_1_4' title="bbox 338 1199 768 1252">
    <p class='ocr_par' dir='ltr' id='par_1_4' title="bbox 338 1199 768 1252">
     <span class='ocr_line' id='line_1_4' title="bbox 338 1199 768 1252; baseline -0.012 -10"><span class='ocrx_word' id='word_1_11' title='bbox 338 1209 399 1252; x_wconf 75' lang='grc' dir='ltr'><strong>η.</strong></span> <span class='ocrx_word' id='word_1_12' title='bbox 419 1200 501 1251; x_wconf 82' lang='lat' dir='ltr'><strong>Ep.</strong></span> <span class='ocrx_word' id='word_1_13' title='bbox 521 1199 584 1241; x_wconf 88' lang='grc'><strong>17.</strong></span> <span class='ocrx_word' id='word_1_14' title='bbox 603 1200 669 1239; x_wconf 74' lang='grc'><strong>30.</strong></span> <span class='ocrx_word' id='word_1_15' title='bbox 764 1223 768 1228; x_wconf 92' lang='grc'>-</span> 
     </span>
    </p>
   </div>
   <div class='ocr_carea' id='block_1_5' title="bbox 342 2163 683 2216">
    <p class='ocr_par' dir='ltr' id='par_1_5' title="bbox 342 2163 683 2216">
     <span class='ocr_line' id='line_1_5' title="bbox 342 2163 683 2216; baseline 0 -11"><span class='ocrx_word' id='word_1_16' title='bbox 342 2164 433 2215; x_wconf 74' lang='lat' dir='ltr'><strong>Iup.</strong></span> <span class='ocrx_word' id='word_1_17' title='bbox 455 2163 534 2216; x_wconf 81' lang='lat' dir='ltr'><strong>Ep.</strong></span> <span class='ocrx_word' id='word_1_18' title='bbox 557 2165 618 2205; x_wconf 76' lang='lat'><strong>15.</strong></span> <span class='ocrx_word' id='word_1_19' title='bbox 640 2163 683 2205; x_wconf 81' lang='grc'><strong>7.</strong></span> 
     </span>
    </p>
   </div>
   <div class='ocr_carea' id='block_1_6' title="bbox 354 4181 684 4233">
    <p class='ocr_par' dir='ltr' id='par_1_6' title="bbox 354 4181 684 4233">
     <span class='ocr_line' id='line_1_6' title="bbox 354 4181 684 4233; baseline -0.009 -8"><span class='ocrx_word' id='word_1_20' title='bbox 354 4194 439 4225; x_wconf 73' lang='grc' dir='ltr'><strong>ειν.</strong></span> <span class='ocrx_word' id='word_1_21' title='bbox 461 4181 541 4233; x_wconf 83' lang='lat' dir='ltr'><strong>Ep.</strong></span> <span class='ocrx_word' id='word_1_22' title='bbox 562 4183 600 4223; x_wconf 85' lang='grc'><strong>9.</strong></span> <span class='ocrx_word' id='word_1_23' title='bbox 622 4181 684 4222; x_wconf 85' lang='grc'><strong>10.</strong></span> 
     </span>
    </p>
   </div>
   <div class='ocr_carea' id='block_1_7' title="bbox 1162 310 1930 419">
    <p class='ocr_par' dir='ltr' id='par_1_7' title="bbox 1162 310 1930 419">
     <span class='ocr_line' id='line_1_7' title="bbox 1162 310 1930 419; baseline -0.013 -16"><span class='ocrx_word' id='word_1_24' title='bbox 1162 346 1230 419; x_wconf 72' lang='grc' dir='ltr'><strong>ρ.</strong></span> <span class='ocrx_word' id='word_1_25' title='bbox 1274 310 1592 401; x_wconf 70' lang='lat' dir='ltr'><strong>H&#39;oleTI</strong></span> <span class='ocrx_word' id='word_1_26' title='bbox 1640 336 1930 395; x_wconf 74' lang='lat' dir='ltr'><strong>FLAooz</strong></span> 
     </span>
    </p>
   </div>
   <div class='ocr_carea' id='block_1_8' title="bbox 925 507 2132 929">
    <p class='ocr_par' dir='ltr' id='par_1_8' title="bbox 925 507 2022 690">
     <span class='ocr_line' id='line_1_8' title="bbox 925 507 2022 601; baseline -0.012 -21"><span class='ocrx_word' id='word_1_27' title='bbox 925 517 1161 601; x_wconf 87' lang='lat' dir='ltr'><strong>Ignota</strong></span> <span class='ocrx_word' id='word_1_28' title='bbox 1189 512 1393 578; x_wconf 85' lang='lat' dir='ltr'><strong>tauris</strong></span> <span class='ocrx_word' id='word_1_29' title='bbox 1422 510 1821 593; x_wconf 84' lang='lat' dir='ltr'><strong>illigatumm</strong></span> <span class='ocrx_word' id='word_1_30' title='bbox 1843 507 2022 591; x_wconf 85' lang='lat' dir='ltr'><strong>juga,</strong></span> 
     </span>
     <span class='ocr_line' id='line_1_9' title="bbox 1012 622 1845 690; baseline -0.012 0"><span class='ocrx_word' id='word_1_31' title='bbox 1012 622 1323 690; x_wconf 85' lang='lat' dir='ltr'><strong>Perunxit</strong></span> <span class='ocrx_word' id='word_1_32' title='bbox 1350 622 1474 684; x_wconf 91' lang='lat' dir='ltr'><strong>hoc</strong></span> <span class='ocrx_word' id='word_1_33' title='bbox 1503 622 1805 684; x_wconf 79' lang='lat' dir='ltr'>Iasonem</span> <span class='ocrx_word' id='word_1_34' title='bbox 1831 642 1845 681; x_wconf 75' lang='grc' dir='ltr'><strong>ε</strong></span> 
     </span>
    </p>

    <p class='ocr_par' dir='ltr' id='par_1_9' title="bbox 928 726 2132 929">
     <span class='ocr_line' id='line_1_10' title="bbox 928 726 2132 811; baseline -0.011 -11"><span class='ocrx_word' id='word_1_35' title='bbox 928 737 1078 800; x_wconf 82' lang='grc' dir='ltr'><strong>Ηοο</strong></span> <span class='ocrx_word' id='word_1_36' title='bbox 1107 732 1410 798; x_wconf 86' lang='lat' dir='ltr'><strong>delibutis</strong></span> <span class='ocrx_word' id='word_1_37' title='bbox 1437 730 1579 795; x_wconf 83' lang='lat' dir='ltr'><strong>ulta</strong></span> <span class='ocrx_word' id='word_1_38' title='bbox 1606 728 1791 793; x_wconf 81' lang='lat' dir='ltr'><strong>donis</strong></span> <span class='ocrx_word' id='word_1_39' title='bbox 1819 726 2132 811; x_wconf 74' lang='lat' dir='ltr'><strong>pellicem,</strong></span> 
     </span>
     <span class='ocr_line' id='line_1_11' title="bbox 1018 841 1727 929; baseline -0.014 -17"><span class='ocrx_word' id='word_1_40' title='bbox 1018 850 1329 929; x_wconf 84' lang='lat' dir='ltr'><strong>Serpente</strong></span> <span class='ocrx_word' id='word_1_41' title='bbox 1359 843 1525 927; x_wconf 83' lang='lat' dir='ltr'><strong>fugit</strong></span> <span class='ocrx_word' id='word_1_42' title='bbox 1555 841 1727 904; x_wconf 87' lang='lat' dir='ltr'><strong>alite.</strong></span> 
     </span>
    </p>
   </div>
   <div class='ocr_carea' id='block_1_9' title="bbox 811 941 2456 1037">
    <p class='ocr_par' dir='ltr' id='par_1_10' title="bbox 811 941 2456 1037">
     <span class='ocr_line' id='line_1_12' title="bbox 811 941 2456 1037; baseline -0.01 -12"><span class='ocrx_word' id='word_1_43' title='bbox 811 941 816 946; x_wconf 43' lang='grc'><strong>’</strong></span> <span class='ocrx_word' id='word_1_44' title='bbox 928 960 1073 1025; x_wconf 86' lang='lat' dir='ltr'><strong>Nec</strong></span> <span class='ocrx_word' id='word_1_45' title='bbox 1102 964 1324 1021; x_wconf 84' lang='lat' dir='ltr'><strong>tantus</strong></span> <span class='ocrx_word' id='word_1_46' title='bbox 1353 973 1664 1037; x_wconf 90' lang='lat' dir='ltr'><strong>umquam</strong></span> <span class='ocrx_word' id='word_1_47' title='bbox 1691 951 1973 1015; x_wconf 89' lang='lat' dir='ltr'><strong>siderum</strong></span> <span class='ocrx_word' id='word_1_48' title='bbox 2000 944 2233 1015; x_wconf 86' lang='lat' dir='ltr'><strong>insedit</strong></span> <span class='ocrx_word' id='word_1_49' title='bbox 2260 968 2456 1031; x_wconf 86' lang='lat' dir='ltr'><strong>vapor</strong></span> 
     </span>
    </p>
   </div>
   <div class='ocr_carea' id='block_1_10' title="bbox 929 1063 2308 1810">
    <p class='ocr_par' dir='ltr' id='par_1_11' title="bbox 1018 1063 1702 1148">
     <span class='ocr_line' id='line_1_13' title="bbox 1018 1063 1702 1148; baseline -0.012 -16"><span class='ocrx_word' id='word_1_50' title='bbox 1018 1067 1377 1133; x_wconf 83' lang='lat' dir='ltr'><strong>Siticulosae</strong></span> <span class='ocrx_word' id='word_1_51' title='bbox 1405 1063 1702 1148; x_wconf 85' lang='lat' dir='ltr'><strong>Apuliae:</strong></span> 
     </span>
    </p>

    <p class='ocr_par' dir='ltr' id='par_1_12' title="bbox 929 1167 2284 1354">
     <span class='ocr_line' id='line_1_14' title="bbox 929 1167 2284 1245; baseline -0.01 0"><span class='ocrx_word' id='word_1_52' title='bbox 929 1180 1074 1245; x_wconf 88' lang='lat' dir='ltr'><strong>Nec</strong></span> <span class='ocrx_word' id='word_1_53' title='bbox 1102 1199 1340 1241; x_wconf 88' lang='lat' dir='ltr'><strong>munus</strong></span> <span class='ocrx_word' id='word_1_54' title='bbox 1369 1173 1653 1238; x_wconf 86' lang='lat' dir='ltr'><strong>humeris</strong></span> <span class='ocrx_word' id='word_1_55' title='bbox 1682 1169 1952 1236; x_wconf 87' lang='lat' dir='ltr'><strong>efficacis</strong></span> <span class='ocrx_word' id='word_1_56' title='bbox 1983 1167 2284 1234; x_wconf 88' lang='lat' dir='ltr'><strong>Herculis</strong></span> 
     </span>
     <span class='ocr_line' id='line_1_15' title="bbox 1019 1284 1646 1354; baseline -0.008 0"><span class='ocrx_word' id='word_1_57' title='bbox 1019 1288 1263 1354; x_wconf 89' lang='lat' dir='ltr'><strong>Inarsit</strong></span> <span class='ocrx_word' id='word_1_58' title='bbox 1291 1284 1646 1353; x_wconf 86' lang='lat' dir='ltr'><strong>aestuosius.</strong></span> 
     </span>
    </p>

    <p class='ocr_par' dir='ltr' id='par_1_13' title="bbox 934 1390 2308 1589">
     <span class='ocr_line' id='line_1_16' title="bbox 934 1390 2308 1485; baseline -0.009 -19"><span class='ocrx_word' id='word_1_59' title='bbox 934 1403 1049 1480; x_wconf 82' lang='lat' dir='ltr'><strong>At,</strong></span> <span class='ocrx_word' id='word_1_60' title='bbox 1082 1400 1137 1464; x_wconf 90' lang='lat' dir='ltr'><strong>si</strong></span> <span class='ocrx_word' id='word_1_61' title='bbox 1167 1399 1323 1485; x_wconf 90' lang='lat' dir='ltr'><strong>quid</strong></span> <span class='ocrx_word' id='word_1_62' title='bbox 1351 1417 1663 1480; x_wconf 84' lang='lat' dir='ltr'><strong>umquam</strong></span> <span class='ocrx_word' id='word_1_63' title='bbox 1692 1394 1823 1458; x_wconf 84' lang='lat' dir='ltr'><strong>tale</strong></span> <span class='ocrx_word' id='word_1_64' title='bbox 1851 1390 2308 1476; x_wconf 85' lang='lat' dir='ltr'>concupiveris,</span> 
     </span>
     <span class='ocr_line' id='line_1_17' title="bbox 1024 1512 1887 1589; baseline -0.01 -13"><span class='ocrx_word' id='word_1_65' title='bbox 1024 1513 1066 1576; x_wconf 90' lang='lat' dir='ltr'><strong>J</strong></span> <span class='ocrx_word' id='word_1_66' title='bbox 1069 1531 1252 1575; x_wconf 88' lang='lat' dir='ltr'><strong>ocose</strong></span> <span class='ocrx_word' id='word_1_67' title='bbox 1281 1512 1633 1586; x_wconf 85' lang='lat' dir='ltr'><strong>Maecenas,</strong></span> <span class='ocrx_word' id='word_1_68' title='bbox 1663 1524 1887 1589; x_wconf 83' lang='lat' dir='ltr'><strong>precor</strong></span> 
     </span>
    </p>

    <p class='ocr_par' dir='ltr' id='par_1_14' title="bbox 937 1618 2133 1810">
     <span class='ocr_line' id='line_1_18' title="bbox 937 1618 2133 1705; baseline -0.01 -19"><span class='ocrx_word' id='word_1_69' title='bbox 937 1622 1216 1686; x_wconf 87' lang='lat' dir='ltr'><strong>Manum</strong></span> <span class='ocrx_word' id='word_1_70' title='bbox 1244 1619 1457 1705; x_wconf 83' lang='lat' dir='ltr'><strong>puella</strong></span> <span class='ocrx_word' id='word_1_71' title='bbox 1484 1618 1658 1682; x_wconf 85' lang='lat' dir='ltr'><strong>savio</strong></span> <span class='ocrx_word' id='word_1_72' title='bbox 1686 1619 1966 1699; x_wconf 89' lang='lat' dir='ltr'><strong>opponat</strong></span> <span class='ocrx_word' id='word_1_73' title='bbox 1995 1619 2133 1691; x_wconf 89' lang='lat' dir='ltr'><strong>tuo,</strong></span> 
     </span>
     <span class='ocr_line' id='line_1_19' title="bbox 1026 1721 2037 1810; baseline -0.013 -13"><span class='ocrx_word' id='word_1_74' title='bbox 1026 1734 1333 1797; x_wconf 85' lang='lat' dir='ltr'><strong>Extrema</strong></span> <span class='ocrx_word' id='word_1_75' title='bbox 1360 1736 1426 1793; x_wconf 88' lang='lat' dir='ltr'><strong>et</strong></span> <span class='ocrx_word' id='word_1_76' title='bbox 1454 1729 1526 1791; x_wconf 92' lang='lat' dir='ltr'><strong>in</strong></span> <span class='ocrx_word' id='word_1_77' title='bbox 1556 1724 1799 1810; x_wconf 89' lang='lat' dir='ltr'><strong>sponda</strong></span> <span class='ocrx_word' id='word_1_78' title='bbox 1827 1721 2037 1787; x_wconf 85' lang='lat' dir='ltr'><strong>cubet.</strong></span> 
     </span>
    </p>
   </div>
   <div class='ocr_carea' id='block_1_11' title="bbox 1709 1994 1833 2059">
    <p class='ocr_par' dir='ltr' id='par_1_15' title="bbox 1709 1994 1833 2059">
     <span class='ocr_line' id='line_1_20' title="bbox 1709 1994 1833 2059; baseline -0.032 0"><span class='ocrx_word' id='word_1_79' title='bbox 1709 1994 1833 2059; x_wconf 91' lang='lat' dir='ltr'><strong>IV.</strong></span> 
     </span>
    </p>
   </div>
   <div class='ocr_carea' id='block_1_12' title="bbox 975 2112 2457 4307">
    <p class='ocr_par' dir='ltr' id='par_1_16' title="bbox 1030 2112 2364 2307">
     <span class='ocr_line' id='line_1_21' title="bbox 1030 2112 2364 2202; baseline -0.011 -12"><span class='ocrx_word' id='word_1_80' title='bbox 1030 2125 1241 2190; x_wconf 78' lang='lat' dir='ltr'><strong>Ltms</strong></span> <span class='ocrx_word' id='word_1_81' title='bbox 1272 2128 1338 2186; x_wconf 88' lang='lat' dir='ltr'><strong>et</strong></span> <span class='ocrx_word' id='word_1_82' title='bbox 1368 2120 1550 2202; x_wconf 84' lang='lat' dir='ltr'>agnis</span> <span class='ocrx_word' id='word_1_83' title='bbox 1581 2124 1821 2202; x_wconf 84' lang='lat' dir='ltr'><strong>quanta</strong></span> <span class='ocrx_word' id='word_1_84' title='bbox 1847 2115 2079 2178; x_wconf 90' lang='lat' dir='ltr'><strong>sortito</strong></span> <span class='ocrx_word' id='word_1_85' title='bbox 2108 2112 2364 2197; x_wconf 80' lang='lat' dir='ltr'><strong>obtigit,</strong></span> 
     </span>
     <span class='ocr_line' id='line_1_22' title="bbox 1115 2226 2039 2307; baseline -0.012 -8"><span class='ocrx_word' id='word_1_86' title='bbox 1115 2237 1357 2307; x_wconf 81' lang='lat' dir='ltr'><strong>Tecum</strong></span> <span class='ocrx_word' id='word_1_87' title='bbox 1384 2229 1549 2294; x_wconf 84' lang='lat' dir='ltr'><strong>mihi</strong></span> <span class='ocrx_word' id='word_1_88' title='bbox 1577 2226 1892 2292; x_wconf 80' lang='lat' dir='ltr'><strong>discordia</strong></span> <span class='ocrx_word' id='word_1_89' title='bbox 1921 2231 2039 2303; x_wconf 84' lang='lat' dir='ltr'><strong>est,</strong></span> 
     </span>
    </p>

    <p class='ocr_par' dir='ltr' id='par_1_17' title="bbox 1030 2335 2092 2532">
     <span class='ocr_line' id='line_1_23' title="bbox 1030 2335 2092 2426; baseline -0.013 -15"><span class='ocrx_word' id='word_1_90' title='bbox 1030 2342 1300 2411; x_wconf 87' lang='lat' dir='ltr'><strong>Ibericis</strong></span> <span class='ocrx_word' id='word_1_91' title='bbox 1326 2345 1583 2426; x_wconf 88' lang='lat' dir='ltr'><strong>peruste</strong></span> <span class='ocrx_word' id='word_1_92' title='bbox 1613 2336 1874 2402; x_wconf 81' lang='lat' dir='ltr'><strong>funibus</strong></span> <span class='ocrx_word' id='word_1_93' title='bbox 1901 2335 2092 2414; x_wconf 86' lang='lat' dir='ltr'><strong>latus,</strong></span> 
     </span>
     <span class='ocr_line' id='line_1_24' title="bbox 1114 2446 1960 2532; baseline -0.011 -13"><span class='ocrx_word' id='word_1_94' title='bbox 1114 2455 1205 2519; x_wconf 81' lang='lat' dir='ltr'><strong>Et</strong></span> <span class='ocrx_word' id='word_1_95' title='bbox 1234 2473 1419 2518; x_wconf 89' lang='lat' dir='ltr'><strong>crura</strong></span> <span class='ocrx_word' id='word_1_96' title='bbox 1447 2450 1610 2515; x_wconf 87' lang='lat' dir='ltr'><strong>dura</strong></span> <span class='ocrx_word' id='word_1_97' title='bbox 1637 2446 1960 2532; x_wconf 87' lang='lat' dir='ltr'><strong>compede.</strong></span> 
     </span>
    </p>

    <p class='ocr_par' dir='ltr' id='par_1_18' title="bbox 1031 2556 2205 2751">
     <span class='ocr_line' id='line_1_25' title="bbox 1031 2556 2205 2648; baseline -0.012 -15"><span class='ocrx_word' id='word_1_98' title='bbox 1031 2566 1219 2634; x_wconf 80' lang='lat' dir='ltr'><strong>Licet</strong></span> <span class='ocrx_word' id='word_1_99' title='bbox 1248 2561 1558 2648; x_wconf 87' lang='lat' dir='ltr'><strong>superbus</strong></span> <span class='ocrx_word' id='word_1_100' title='bbox 1589 2558 1876 2624; x_wconf 79' lang='lat' dir='ltr'><strong>ambules</strong></span> <span class='ocrx_word' id='word_1_101' title='bbox 1914 2556 2205 2642; x_wconf 86' lang='lat' dir='ltr'><strong>pecunia,</strong></span> 
     </span>
     <span class='ocr_line' id='line_1_26' title="bbox 1117 2676 2059 2751; baseline -0.012 -10"><span class='ocrx_word' id='word_1_102' title='bbox 1117 2677 1405 2741; x_wconf 81' lang='lat' dir='ltr'><strong>Fortuna</strong></span> <span class='ocrx_word' id='word_1_103' title='bbox 1430 2693 1566 2736; x_wconf 91' lang='lat' dir='ltr'><strong>non</strong></span> <span class='ocrx_word' id='word_1_104' title='bbox 1591 2676 1805 2734; x_wconf 89' lang='lat' dir='ltr'><strong>mutat</strong></span> <span class='ocrx_word' id='word_1_105' title='bbox 1834 2689 2059 2751; x_wconf 89' lang='lat' dir='ltr'><strong>genus.</strong></span> 
     </span>
    </p>

    <p class='ocr_par' dir='ltr' id='par_1_19' title="bbox 1033 2777 2296 2971">
     <span class='ocr_line' id='line_1_27' title="bbox 1033 2777 2296 2864; baseline -0.01 -12"><span class='ocrx_word' id='word_1_106' title='bbox 1033 2787 1339 2864; x_wconf 82' lang='lat' dir='ltr'><strong>Videsne,</strong></span> <span class='ocrx_word' id='word_1_107' title='bbox 1375 2785 1639 2848; x_wconf 82' lang='lat' dir='ltr'><strong>Sacram</strong></span> <span class='ocrx_word' id='word_1_108' title='bbox 1668 2779 1976 2844; x_wconf 85' lang='lat' dir='ltr'><strong>metiente</strong></span> <span class='ocrx_word' id='word_1_109' title='bbox 2005 2784 2072 2841; x_wconf 89' lang='lat' dir='ltr'><strong>te</strong></span> <span class='ocrx_word' id='word_1_110' title='bbox 2099 2777 2296 2841; x_wconf 89' lang='lat' dir='ltr'><strong>Viam</strong></span> 
     </span>
     <span class='ocr_line' id='line_1_28' title="bbox 1121 2891 2179 2971; baseline -0.01 -10"><span class='ocrx_word' id='word_1_111' title='bbox 1121 2898 1289 2962; x_wconf 83' lang='lat' dir='ltr'><strong>Cum</strong></span> <span class='ocrx_word' id='word_1_112' title='bbox 1318 2895 1419 2959; x_wconf 88' lang='lat' dir='ltr'><strong>bis</strong></span> <span class='ocrx_word' id='word_1_113' title='bbox 1446 2893 1650 2957; x_wconf 86' lang='lat' dir='ltr'><strong>trium</strong></span> <span class='ocrx_word' id='word_1_114' title='bbox 1677 2891 1978 2954; x_wconf 86' lang='lat' dir='ltr'><strong>ulnarum</strong></span> <span class='ocrx_word' id='word_1_115' title='bbox 2005 2895 2179 2971; x_wconf 86' lang='lat' dir='ltr'><strong>toga,</strong></span> 
     </span>
    </p>

    <p class='ocr_par' dir='ltr' id='par_1_20' title="bbox 1036 2999 2246 3196">
     <span class='ocr_line' id='line_1_29' title="bbox 1036 2999 2246 3074; baseline -0.012 0"><span class='ocrx_word' id='word_1_116' title='bbox 1036 3010 1135 3074; x_wconf 85' lang='lat' dir='ltr'><strong>Ut</strong></span> <span class='ocrx_word' id='word_1_117' title='bbox 1164 3028 1277 3072; x_wconf 88' lang='lat' dir='ltr'><strong>ora</strong></span> <span class='ocrx_word' id='word_1_118' title='bbox 1304 3011 1512 3069; x_wconf 82' lang='lat' dir='ltr'><strong>vertat</strong></span> <span class='ocrx_word' id='word_1_119' title='bbox 1540 3001 1669 3066; x_wconf 91' lang='lat' dir='ltr'><strong>huc</strong></span> <span class='ocrx_word' id='word_1_120' title='bbox 1698 3007 1765 3065; x_wconf 89' lang='lat' dir='ltr'><strong>et</strong></span> <span class='ocrx_word' id='word_1_121' title='bbox 1791 3000 1920 3063; x_wconf 90' lang='lat' dir='ltr'><strong>huc</strong></span> <span class='ocrx_word' id='word_1_122' title='bbox 1950 2999 2246 3064; x_wconf 87' lang='lat' dir='ltr'><strong>euntium</strong></span> 
     </span>
     <span class='ocr_line' id='line_1_30' title="bbox 1124 3111 1922 3196; baseline -0.015 -10"><span class='ocrx_word' id='word_1_123' title='bbox 1124 3119 1484 3186; x_wconf 88' lang='lat' dir='ltr'><strong>Liberrima</strong></span> <span class='ocrx_word' id='word_1_124' title='bbox 1511 3111 1870 3196; x_wconf 86' lang='lat' dir='ltr'><strong>indignatio</strong></span> <span class='ocrx_word' id='word_1_125' title='bbox 1892 3112 1922 3174; x_wconf 78' lang='lat'><strong>⁴?</strong></span> 
     </span>
    </p>

    <p class='ocr_par' dir='ltr' id='par_1_21' title="bbox 975 3223 2280 3313">
     <span class='ocr_line' id='line_1_31' title="bbox 975 3223 2280 3313; baseline -0.011 -12"><span class='ocrx_word' id='word_1_126' title='bbox 975 3242 1021 3273; x_wconf 90' lang='lat'><em>“</em></span> <span class='ocrx_word' id='word_1_127' title='bbox 1042 3238 1273 3300; x_wconf 85' lang='lat' dir='ltr'><strong>Sectus</strong></span> <span class='ocrx_word' id='word_1_128' title='bbox 1303 3228 1570 3313; x_wconf 85' lang='lat' dir='ltr'><strong>flagellis</strong></span> <span class='ocrx_word' id='word_1_129' title='bbox 1597 3227 1703 3290; x_wconf 88' lang='lat' dir='ltr'><strong>hic</strong></span> <span class='ocrx_word' id='word_1_130' title='bbox 1732 3223 2280 3303; x_wconf 87' lang='lat' dir='ltr'><strong>Triumviralibus,</strong></span> 
     </span>
    </p>

    <p class='ocr_par' dir='ltr' id='par_1_22' title="bbox 1125 3335 1945 3414">
     <span class='ocr_line' id='line_1_32' title="bbox 1125 3335 1945 3414; baseline -0.016 -4"><span class='ocrx_word' id='word_1_131' title='bbox 1125 3342 1450 3410; x_wconf 85' lang='lat' dir='ltr'><strong>Praeconis</strong></span> <span class='ocrx_word' id='word_1_132' title='bbox 1480 3339 1563 3403; x_wconf 86' lang='lat' dir='ltr'><strong>ad</strong></span> <span class='ocrx_word' id='word_1_133' title='bbox 1591 3335 1945 3414; x_wconf 83' lang='lat' dir='ltr'><strong>fastidium,</strong></span> 
     </span>
    </p>

    <p class='ocr_par' dir='ltr' id='par_1_23' title="bbox 1039 3447 2162 3647">
     <span class='ocr_line' id='line_1_33' title="bbox 1039 3447 2162 3531; baseline -0.011 -10"><span class='ocrx_word' id='word_1_134' title='bbox 1039 3459 1205 3521; x_wconf 91' lang='lat' dir='ltr'><strong>Arat</strong></span> <span class='ocrx_word' id='word_1_135' title='bbox 1235 3452 1490 3519; x_wconf 86' lang='lat' dir='ltr'><strong>Falerni</strong></span> <span class='ocrx_word' id='word_1_136' title='bbox 1519 3450 1694 3514; x_wconf 89' lang='lat' dir='ltr'><strong>mille</strong></span> <span class='ocrx_word' id='word_1_137' title='bbox 1722 3447 1908 3511; x_wconf 88' lang='lat' dir='ltr'><strong>fundi</strong></span> <span class='ocrx_word' id='word_1_138' title='bbox 1931 3448 2162 3531; x_wconf 87' lang='lat' dir='ltr'><strong>jugera</strong></span> 
     </span>
     <span class='ocr_line' id='line_1_34' title="bbox 1125 3557 2026 3647; baseline -0.012 -17"><span class='ocrx_word' id='word_1_139' title='bbox 1125 3567 1215 3630; x_wconf 88' lang='lat' dir='ltr'><strong>Et</strong></span> <span class='ocrx_word' id='word_1_140' title='bbox 1244 3564 1520 3647; x_wconf 82' lang='lat' dir='ltr'><strong>Appiam</strong></span> <span class='ocrx_word' id='word_1_141' title='bbox 1553 3559 1806 3624; x_wconf 89' lang='lat' dir='ltr'><strong>mannis</strong></span> <span class='ocrx_word' id='word_1_142' title='bbox 1836 3557 2026 3635; x_wconf 86' lang='lat' dir='ltr'><strong>terit;</strong></span> 
     </span>
    </p>

    <p class='ocr_par' dir='ltr' id='par_1_24' title="bbox 1041 3668 2381 3866">
     <span class='ocr_line' id='line_1_35' title="bbox 1041 3668 2381 3757; baseline -0.009 -15"><span class='ocrx_word' id='word_1_143' title='bbox 1041 3676 1485 3757; x_wconf 83' lang='lat' dir='ltr'><strong>Sedilibusque</strong></span> <span class='ocrx_word' id='word_1_144' title='bbox 1515 3692 1790 3755; x_wconf 86' lang='lat' dir='ltr'><strong>magnus</strong></span> <span class='ocrx_word' id='word_1_145' title='bbox 1819 3669 1887 3732; x_wconf 92' lang='lat' dir='ltr'><strong>in</strong></span> <span class='ocrx_word' id='word_1_146' title='bbox 1917 3668 2137 3752; x_wconf 89' lang='lat' dir='ltr'><strong>primis</strong></span> <span class='ocrx_word' id='word_1_147' title='bbox 2166 3688 2381 3750; x_wconf 89' lang='lat' dir='ltr'><strong>eques,</strong></span> 
     </span>
     <span class='ocr_line' id='line_1_36' title="bbox 1125 3778 2040 3866; baseline -0.011 -15"><span class='ocrx_word' id='word_1_148' title='bbox 1125 3787 1385 3852; x_wconf 87' lang='lat' dir='ltr'><strong>Othone</strong></span> <span class='ocrx_word' id='word_1_149' title='bbox 1416 3789 1808 3866; x_wconf 81' lang='lat' dir='ltr'><strong>contemptO,</strong></span> <span class='ocrx_word' id='word_1_150' title='bbox 1841 3778 2040 3843; x_wconf 88' lang='lat' dir='ltr'><strong>sedet.</strong></span> 
     </span>
    </p>

    <p class='ocr_par' dir='ltr' id='par_1_25' title="bbox 1043 3887 2253 4087">
     <span class='ocr_line' id='line_1_37' title="bbox 1043 3887 2253 3972; baseline -0.012 -8"><span class='ocrx_word' id='word_1_151' title='bbox 1043 3897 1219 3966; x_wconf 79' lang='lat' dir='ltr'><strong>Quid</strong></span> <span class='ocrx_word' id='word_1_152' title='bbox 1249 3894 1485 3959; x_wconf 89' lang='lat' dir='ltr'><strong>attinet</strong></span> <span class='ocrx_word' id='word_1_153' title='bbox 1515 3899 1614 3956; x_wconf 90' lang='lat' dir='ltr'><strong>tot</strong></span> <span class='ocrx_word' id='word_1_154' title='bbox 1643 3912 1756 3956; x_wconf 91' lang='lat' dir='ltr'><strong>ora</strong></span> <span class='ocrx_word' id='word_1_155' title='bbox 1782 3890 2046 3953; x_wconf 89' lang='lat' dir='ltr'><strong>navium</strong></span> <span class='ocrx_word' id='word_1_156' title='bbox 2077 3887 2253 3972; x_wconf 84' lang='lat' dir='ltr'><strong>gravi</strong></span> 
     </span>
     <span class='ocr_line' id='line_1_38' title="bbox 1128 4001 1914 4087; baseline -0.01 -14"><span class='ocrx_word' id='word_1_157' title='bbox 1128 4009 1430 4073; x_wconf 76' lang='lat' dir='ltr'><strong>Rostrata</strong></span> <span class='ocrx_word' id='word_1_158' title='bbox 1457 4004 1607 4068; x_wconf 88' lang='lat' dir='ltr'><strong>duci</strong></span> <span class='ocrx_word' id='word_1_159' title='bbox 1636 4001 1914 4087; x_wconf 87' lang='lat' dir='ltr'><strong>pondere</strong></span> 
     </span>
    </p>

    <p class='ocr_par' dir='ltr' id='par_1_26' title="bbox 1042 4112 2457 4307">
     <span class='ocr_line' id='line_1_39' title="bbox 1042 4112 2457 4196; baseline -0.008 -12"><span class='ocrx_word' id='word_1_160' title='bbox 1042 4121 1287 4185; x_wconf 87' lang='lat' dir='ltr'><strong>Contra</strong></span> <span class='ocrx_word' id='word_1_161' title='bbox 1313 4117 1595 4180; x_wconf 85' lang='lat' dir='ltr'><strong>latrones</strong></span> <span class='ocrx_word' id='word_1_162' title='bbox 1625 4121 1818 4196; x_wconf 86' lang='lat' dir='ltr'><strong>atque</strong></span> <span class='ocrx_word' id='word_1_163' title='bbox 1848 4112 2139 4176; x_wconf 86' lang='lat' dir='ltr'><strong>servilem</strong></span> <span class='ocrx_word' id='word_1_164' title='bbox 2170 4130 2457 4188; x_wconf 86' lang='lat' dir='ltr'><strong>manum,</strong></span> 
     </span>
     <span class='ocr_line' id='line_1_40' title="bbox 1130 4222 2146 4307; baseline -0.012 -12"><span class='ocrx_word' id='word_1_165' title='bbox 1130 4231 1297 4307; x_wconf 85' lang='lat' dir='ltr'><strong>Hoc,</strong></span> <span class='ocrx_word' id='word_1_166' title='bbox 1329 4227 1451 4291; x_wconf 88' lang='lat' dir='ltr'><strong>hoc</strong></span> <span class='ocrx_word' id='word_1_167' title='bbox 1481 4224 1742 4289; x_wconf 87' lang='lat' dir='ltr'><strong>tribuno</strong></span> <span class='ocrx_word' id='word_1_168' title='bbox 1772 4223 2053 4286; x_wconf 88' lang='lat' dir='ltr'><strong>militum</strong></span> <span class='ocrx_word' id='word_1_169' title='bbox 2072 4222 2146 4283; x_wconf 84' lang='lat'><strong>&#39;?&#39;&#39;</strong></span> 
     </span>
    </p>
   </div>
   <div class='ocr_carea' id='block_1_13' title="bbox 1535 4360 1991 4415">
    <p class='ocr_par' dir='ltr' id='par_1_27' title="bbox 1535 4360 1991 4415">
     <span class='ocr_line' id='line_1_41' title="bbox 1535 4360 1991 4415; baseline -0.004 -6"><span class='ocrx_word' id='word_1_170' title='bbox 1535 4364 1582 4409; x_wconf 86' lang='lat'><strong>2.</strong></span> <span class='ocrx_word' id='word_1_171' title='bbox 1619 4361 1641 4410; x_wconf 78' lang='lat' dir='ltr'>P</span> <span class='ocrx_word' id='word_1_172' title='bbox 1667 4360 1991 4415; x_wconf 55' lang='lat' dir='ltr'><strong>discordias&amp;</strong></span> 
     </span>
    </p>
   </div>
   <div class='ocr_carea' id='block_1_14' title="bbox 2674 947 2754 1007">
    <p class='ocr_par' dir='ltr' id='par_1_28' title="bbox 2674 947 2754 1007">
     <span class='ocr_line' id='line_1_42' title="bbox 2674 947 2754 1007; baseline 0 0"><span class='ocrx_word' id='word_1_173' title='bbox 2674 947 2754 1007; x_wconf 88' lang='lat'><strong>15</strong></span> 
     </span>
    </p>
   </div>
   <div class='ocr_carea' id='block_1_15' title="bbox 2674 1498 2760 1558">
    <p class='ocr_par' dir='ltr' id='par_1_29' title="bbox 2674 1498 2760 1558">
     <span class='ocr_line' id='line_1_43' title="bbox 2674 1498 2760 1558; baseline -0.023 0"><span class='ocrx_word' id='word_1_174' title='bbox 2674 1498 2760 1558; x_wconf 82' lang='lat'><strong>20</strong></span> 
     </span>
    </p>
   </div>
   <div class='ocr_carea' id='block_1_16' title="bbox 2693 3113 2774 3172">
    <p class='ocr_par' dir='ltr' id='par_1_30' title="bbox 2693 3113 2774 3172">
     <span class='ocr_line' id='line_1_44' title="bbox 2693 3113 2774 3172; baseline -0.025 0"><span class='ocrx_word' id='word_1_175' title='bbox 2693 3113 2774 3172; x_wconf 91' lang='grc'><strong>10</strong></span> 
     </span>
    </p>
   </div>
   <div class='ocr_carea' id='block_1_17' title="bbox 2696 3668 2773 3728">
    <p class='ocr_par' dir='ltr' id='par_1_31' title="bbox 2696 3668 2773 3728">
     <span class='ocr_line' id='line_1_45' title="bbox 2696 3668 2773 3728; baseline -0.013 0"><span class='ocrx_word' id='word_1_176' title='bbox 2696 3668 2773 3728; x_wconf 85' lang='grc'><strong>15</strong></span> 
     </span>
    </p>
   </div>
   <div class='ocr_carea' id='block_1_18' title="bbox 2696 4220 2782 4281">
    <p class='ocr_par' dir='ltr' id='par_1_32' title="bbox 2696 4220 2782 4281">
     <span class='ocr_line' id='line_1_46' title="bbox 2696 4220 2782 4281; baseline -0.012 0"><span class='ocrx_word' id='word_1_177' title='bbox 2696 4220 2782 4281; x_wconf 81' lang='lat'><strong>20</strong></span> 
     </span>
    </p>
   </div>
  </div>
 </body>
</html>
