3025 4776
1240 320 1578 380 EPODON
1658 319 1724 379 V.
2608 328 2630 382 1
2653 327 2714 383 15

1246 610 1330 672 V.

490 749 535 782 “
553 747 677 823 Ar,
708 764 749 808 o
778 742 1042 809 deorum
1071 743 1382 828 quidquid
1408 746 1478 807 in
1506 745 1662 809 caelo
1691 745 1860 829 regit

639 856 865 919 Terras
893 862 960 919 et
989 854 1345 919 humanum
1376 855 1616 938 genus!

556 966 731 1033 Quid
760 967 883 1031 iste
909 966 1035 1031 fert
1064 967 1435 1031 tumultus?
1481 973 1595 1030 aut
1626 966 1778 1049 quid
1807 967 2098 1032 omnium

642 1078 878 1142 Voltus
906 1078 977 1141 in
1004 1099 1212 1141 unum
1240 1100 1344 1142 me
1375 1079 1639 1141 truces?

339 1188 377 1248 5
557 1188 684 1251 Per
712 1186 944 1252 liberos
972 1194 1059 1267 te,
1093 1188 1147 1251 si
1175 1184 1400 1252 vocata
1426 1187 1739 1272 partubus

640 1295 892 1359 Lucina
915 1296 1081 1361 veris
1110 1295 1338 1373 adfuit,
2314 1299 2422 1344 Luc.
2439 1300 2488 1343 c,
2509 1299 2552 1343 s.
2571 1302 2635 1344 ιε.

557 1407 681 1470 Per
707 1406 830 1471 hoc
858 1406 1047 1471 inane
1077 1426 1376 1491 purpurae
1405 1404 1600 1469 decus
1628 1426 1871 1489 precor,

643 1518 771 1581 Per
797 1517 1304 1601 improbaturum
1336 1514 1477 1580 haec
1509 1517 1552 1580 J
1555 1538 1760 1595 ovem,

558 1626 734 1693 Quid
761 1634 839 1690 ut
869 1648 1141 1692 noverca
1168 1648 1272 1691 me
1301 1626 1597 1706 intueris,
1629 1634 1741 1691 aut
1769 1627 1869 1691 uti

299 1741 382 1803 10
646 1740 862 1805 Petita
888 1739 1057 1804 ferro
1082 1737 1275 1803 belua
1288 1738 1459 1801 ?”—-

554 1851 651 1914 Ut
679 1850 820 1915 haec
847 1851 1153 1917 trementi
1185 1859 1447 1936 questus
1474 1873 1585 1918 ore
1616 1851 1920 1931 constitit=

643 1961 1017 2046 Insignibus
1044 1963 1246 2046 raptis
1273 1985 1453 2047 puer,

558 2074 830 2159 Impube
860 2095 1108 2169 corpus,
1140 2074 1325 2157 quale
1353 2081 1566 2158 posset
1593 2071 1794 2157 impia

640 2188 903 2252 Mollire
931 2188 1251 2252 Thracum
1279 2194 1577 2271 pectora3

301 2301 379 2362 15
556 2298 825 2362 Canidia
852 2297 1149 2362 brevibus
1178 2298 1507 2382 implicata
1533 2296 1764 2381 viperis

642 2410 867 2475 Crines
896 2418 963 2475 et
990 2410 1389 2494 incomptum
1420 2417 1636 2494 caput,

558 2523 600 2586 J
604 2521 758 2586 ubet
786 2522 1091 2606 sepulcris
1120 2521 1447 2606 caprificos
1476 2528 1713 2600 erutas,

642 2634 684 2697 J
688 2632 841 2697 ubet
871 2653 1203 2717 cupressus
1231 2631 1538 2709 funebris,

554 2744 644 2808 Et
670 2750 870 2809 uncta
898 2744 1104 2828 turpis
1133 2765 1251 2836 ova
1278 2764 1452 2808 ranae
1481 2741 1813 2826 sanguine,

299 2855 385 2918 20
643 2855 1068 2938 Plumamque
1096 2861 1428 2918 nocturnae
1458 2852 1697 2936 strigis,

557 2970 960 3054 Herbasque,
992 2990 1150 3054 quas
1179 2970 1389 3034 Iolcos
1418 2976 1611 3052 atque
1645 2966 1915 3032 Hiberia

640 3081 856 3146 Mittit
886 3100 1276 3145 venenorum
1305 3080 1501 3157 ferax,

557 3196 646 3259 Et
675 3215 818 3258 ossa
847 3194 928 3259 ab
956 3215 1065 3258 ore
1095 3202 1281 3280 rapta
1303 3194 1544 3278 jejunae
1575 3191 1770 3270 canis,

642 3305 949 3370 Flammis
981 3305 1162 3369 aduri
1193 3304 1530 3390 Colchicis.
2320 3333 2682 3376 coc.0.2.1³.s.

296 3416 381 3479 25
556 3419 649 3483 At
677 3417 971 3501 expedita
1002 3419 1278 3500 Sagana,
1308 3435 1421 3499 per
1449 3422 1659 3479 totam
1688 3415 1954 3480 domum

643 3530 962 3614 Spargens
990 3526 1324 3592 Avernalis
1356 3547 1575 3609 aquas,

558 3640 804 3704 Horret
834 3640 1076 3724 capillis
1104 3648 1181 3704 ut
1210 3638 1493 3704 marinus
1525 3637 1761 3723 asperis

641 3753 951 3833 Echinus,
983 3760 1098 3817 aut
1126 3773 1388 3817 currens
1418 3772 1588 3835 aper.

555 3864 809 3929 Abacta
836 3865 1015 3928 nulla
1042 3864 1208 3927 Veia
1236 3861 1626 3926 conscientia
1663 3877 1670 3882 “

296 3978 384 4039 30
643 3976 1001 4058 Ligonibus
1029 3973 1205 4038 duris
1235 3972 1522 4035 humum·

553 4085 1011 4164 Exhauriebat,
1041 4084 1377 4166 ingemens
1404 4082 1730 4146 laboribus
1752 4105 1773 4158 3

646 4197 796 4264 Quo
824 4202 1041 4282 posset
1067 4194 1343 4258 infossus
1372 4214 1531 4278 puer

303 4346 383 4396 15.
406 4347 624 4410 illigata.
762 4349 841 4396 18.
866 4356 1143 4408 cupressos
1166 4340 1423 4393 funebres.
1559 4343 1639 4391 21.
1665 4344 1771 4388 aut.
1888 4337 1968 4386 26.
1995 4332 2292 4384 Avernales.
