3025 4776
371 316 486 372 214

364 611 477 652 prae.
500 599 541 642 8.
562 601 599 643 1.
620 601 657 642 7.
678 604 717 643 8.

374 2174 440 2216 ⁴7·
462 2164 511 2205 B.
532 2165 569 2205 1.
589 2166 627 2205 2.
647 2165 710 2204 62.

374 3669 458 3699 na.
473 3658 528 3699 vi.
544 3658 592 3699 C.
613 3659 650 3698 2.
671 3661 709 3699 6.
730 3658 768 3699 7.

1215 314 1282 387 ρ.
1333 314 1653 373 HORATI
1702 314 1991 372 FLAooz
2117 285 2128 294 ’

803 477 1076 541 Invitus.
1168 478 1348 560 Fuge
1378 499 1613 560 magna
1634 504 1654 557 3
1698 478 1850 542 licet
1880 478 1998 542 sub
2028 499 2303 562 paupere
2332 486 2506 544 tecto

803 591 1012 671 Reges
1042 596 1108 653 et
1136 610 1361 672 regum
1390 590 1525 652 vita
1553 610 1939 672 praecurrere
1970 590 2229 653 amicos.

800 700 1040 763 Cervus
1068 720 1304 782 equum
1336 721 1552 783 pugna
1581 700 1808 763 melior
1837 700 2288 764 communibus
2316 699 2536 765 herbis

801 809 1109 889 Pellebat,
1143 810 1346 875 donec
1374 811 1589 873 minor
1615 811 1684 873 in
1717 811 2064 874 certamine
2096 813 2289 894 longo
2709 815 2795 875 35

799 920 1180 1003 Imploravit
1208 941 1358 1004 opes
1387 920 1666 984 hominis
1696 921 2079 1004 frenumque
2108 922 2349 1006 recepit
2371 947 2393 999 3

802 1032 930 1095 Sed
960 1039 1298 1114 postquam
1327 1031 1531 1095 victor
1558 1032 1800 1094 violens
1829 1031 2115 1095 discessit
2146 1033 2224 1097 ab
2256 1032 2464 1110 hoste,

800 1143 955 1205 Non
984 1141 1265 1224 equitem
1295 1141 1503 1219 dors0,
1535 1161 1666 1205 non
1696 1142 1951 1206 frenum
1983 1143 2227 1226 depulit
2254 1165 2388 1209 ore.

802 1253 931 1330 Sic,
965 1252 1074 1335 qui
1104 1252 1469 1336 pauperiem
1497 1253 1740 1316 veritus
1770 1253 2016 1336 potiore
2046 1255 2321 1318 metallis

801 1362 1128 1427 Libertate
1158 1371 1353 1441 caret,
1385 1363 1720 1427 dominum
1751 1364 1931 1427 vehit
1959 1365 2289 1448 improbus
2318 1373 2511 1449 atque
2712 1369 2802 1428 40

803 1475 1049 1538 Serviet
1077 1484 1409 1553 aeternum,
1444 1475 1594 1558 quia
1621 1496 1815 1559 parvo
1843 1475 2082 1539 nesciet
2112 1477 2232 1539 uti.

804 1585 929 1649 Cui
960 1607 1091 1649 non
1121 1586 1457 1651 conveniet
1487 1608 1603 1651 sua
1631 1607 1752 1665 res,
1785 1594 1860 1650 ut
1890 1588 2136 1651 calceus
2165 1587 2341 1664 olim,

806 1697 877 1758 Si
906 1696 1065 1780 pede
1094 1698 1302 1781 major
1331 1699 1473 1776 erit,
1503 1698 1837 1762 subvertet
1858 1724 1878 1776 3
1928 1699 1984 1762 si
2012 1698 2247 1776 minor,
2282 1705 2448 1762 uret.

801 1808 1022 1871 Laetus
1051 1817 1220 1873 sorte
1248 1817 1365 1872 tua
1391 1809 1564 1873 vives
1593 1809 1933 1892 sapienter,
1964 1810 2191 1886 Aristi,

801 1919 943 1982 Nec
973 1941 1075 1983 me
1105 1919 1388 1983 dimittes
1417 1920 1894 2003 incastigatum,
1929 1920 2040 1983 ubi
2072 1921 2258 2004 plura
2710 1923 2797 1984 45

803 2032 1046 2113 Cogere
1077 2052 1270 2114 quam
1299 2030 1455 2094 satis
1484 2038 1582 2094 est
1612 2052 1687 2095 ac
1715 2052 1847 2094 non
1877 2052 2121 2095 cessare
2150 2030 2431 2095 videbor.

802 2143 1088 2224 Imperat
1118 2150 1229 2205 aut
1259 2142 1452 2205 servit
1482 2142 1747 2205 collecta
1775 2141 2048 2226 pecunia
2077 2141 2331 2224 cuique,

803 2253 1071 2315 'Portum
1101 2251 1298 2335 digna
1326 2253 1506 2334 sequi
1536 2252 1749 2336 potius
1780 2273 1974 2335 quam
2003 2251 2235 2316 ducere
2264 2252 2507 2316 funem.

806 2364 968 2429 Haec
997 2363 1116 2428 tibi
1148 2362 1467 2427 dictabam
1498 2370 1645 2447 post
1674 2363 1896 2428 fanum
1928 2372 2115 2447 putre
2143 2364 2452 2442 Vacunae,

803 2477 1109 2559 Excepto,
1144 2475 1313 2558 quod
1342 2496 1475 2538 non
1504 2475 1697 2538 simul
1726 2496 1917 2554 esses,
1949 2482 2161 2539 cetera
2189 2475 2399 2539 laetus.
2543 2500 2550 2507 ·
2714 2478 2804 2539 50

1759 2915 1886 2978 XI.

806 3067 991 3131 Qum
1022 3064 1142 3129 tibi
1171 3064 1305 3129 visa
1336 3063 1556 3142 Chios,
1589 3062 1856 3140 Bullati,
1889 3070 2171 3144 notaque
2203 3062 2465 3138 Lesbos,

806 3178 982 3243 Quid
1010 3177 1321 3240 concinna
1356 3178 1604 3252 Samos,
1640 3173 1793 3257 quid
1827 3173 2038 3238 Croesi
2069 3174 2267 3256 regia,
2303 3172 2538 3250 SardiS,

805 3294 1083 3373 Smyrna
1112 3287 1261 3371 quid
1294 3295 1360 3350 et
1390 3285 1723 3368 Colophon
1744 3286 1774 3347 Ῥ
1866 3284 2126 3366 Majora
2155 3284 2478 3348 minorave
2508 3283 2698 3359 fama,

801 3401 1134 3463 Cunctane
1166 3419 1295 3480 prae
1327 3398 1573 3479 Campo
1602 3403 1668 3459 et
1698 3394 2000 3458 Tiberino
2032 3394 2295 3458 flumine
2325 3395 2586 3457 sordent
2605 3394 2636 3455 ἲ

799 3513 908 3574 An
936 3510 1109 3573 venit
1138 3510 1206 3571 in
1236 3516 1457 3571 votum
1488 3507 1789 3571 Attalicis
1819 3528 1896 3569 ex
1929 3505 2196 3569 urbibus
2229 3527 2382 3583 una,
2755 3508 2796 3567 5

800 3623 908 3684 An
937 3620 1268 3685 Lebedum
1297 3618 1520 3681 laudas
1551 3617 1696 3680 odio
1728 3617 1922 3680 maris
1954 3624 2144 3700 atque
2174 3616 2468 3679 viarum?

801 3730 959 3808 Scis,
994 3728 1290 3793 Lebedus
1323 3727 1475 3811 quid
1503 3727 1589 3790 sit
1612 3753 1632 3805 3
1682 3726 1906 3791 Gabiis
1938 3726 2249 3789 desertior
2278 3733 2472 3809 atque

799 3841 1058 3907 Fidenis
1087 3840 1263 3903 vicus
1286 3865 1305 3917 3
1352 3847 1571 3901 tamen
1600 3837 1732 3900 illic
1762 3837 1969 3901 vivere
1998 3837 2225 3900 vellem

800 3952 1184 4033 oblitusque
1213 3970 1504 4013 meorum
1537 3947 2006 4011 obliviscendus
2036 3955 2102 4011 et
2133 3948 2261 4011 illis

797 4065 1178 4146 Neptunum
1209 4059 1427 4143 procul
1458 4079 1492 4120 e
1522 4067 1692 4121 terra
1721 4067 2004 4140 spectare
2033 4057 2373 4121 furentem.
2717 4062 2802 4122 10

803 4175 929 4239 Sed
960 4194 1188 4255 neque,
1222 4170 1330 4253 qui
1363 4172 1584 4251 Capua
1619 4170 1892 4232 Romam
1925 4169 2086 4251 petit
2119 4169 2326 4232 imbre
2359 4169 2622 4251 lutoque

1374 4333 1451 4377 40.
1489 4331 1658 4378 vehet.
1864 4332 1907 4377 3.
1951 4332 2230 4377 mium-uno.
