3025 4776
347 300 453 354 124

341 484 441 526 Thr.
463 484 512 527 C.
532 486 571 526 4.
594 485 655 527 12.
675 487 714 527 2.

333 808 441 838 mov.
462 798 510 837 C.

332 859 444 898 meo,
462 848 509 890 Ο.

330 1055 436 1098 Aah.
458 1057 506 1098 C.
526 1058 566 1098 3.
587 1057 623 1097 1.
645 1058 709 1099 44.

334 1158 432 1209 oye.
451 1158 501 1200 0.
523 1159 560 1199 1.
581 1158 643 1199 ιο.
662 1159 702 1200 6.

335 1516 394 1546 n.
417 1505 465 1546 C.
487 1505 524 1546 1.
543 1508 580 1546 Β.
603 1506 664 1547 14.

327 2160 433 2201 «syr.
457 2149 537 2201 Ep.
560 2149 619 2189 17.
641 2150 705 2192 73.

322 3280 422 3322 pro.
444 3269 495 3310 Α.
518 3269 565 3310 Ρ.
588 3271 651 3311 45.

329 3632 389 3660 ιο.
414 3618 461 3659 C.
485 3620 520 3660 l.
544 3620 601 3660 17.
625 3620 684 3659 13.

530 799 569 838 3.
589 800 651 840 21.
671 801 710 840 Β.

531 852 568 890 3.
589 850 653 891 21.
673 850 711 892 l.

1196 299 1262 372 Q.
1304 299 1625 356 HORATJ
1658 299 1945 358 FLAcoz

846 461 1143 526 Threicio
1171 464 1493 546 Aquilone
1523 471 1777 528 sonant.
1871 463 2240 548 RapiamuS,
2275 465 2486 543 amici,

933 573 1353 639 Occasionem
1384 573 1465 637 de
1496 573 1600 637 die
1623 600 1642 651 3
1690 573 1972 657 dumque
2001 574 2210 637 virent
2241 596 2472 657 genua,

842 687 932 749 Et
961 685 1162 763 decet,
1195 684 1474 749 obducta
1503 686 1785 748 solvatur
1813 674 2023 749 fronte
2052 682 2365 749 senectus.
2714 691 2752 749 5

929 798 1028 860 Tu
1056 797 1207 859 vina
1238 797 1561 879 Torquato
1590 817 1774 859 move
1805 796 2081 861 Consule
2109 818 2326 880 pressa
2354 819 2519 861 meo.

843 910 1075 973 Cetera
1102 908 1292 972 mitte
1322 908 1498 990 loqui
1525 934 1539 971 :
1589 907 1746 970 deus
1774 906 1911 971 haec
1938 907 2206 972 fortasse
2233 908 2518 991 benigna

931 1021 1222 1085 Reducet
1251 1020 1322 1082 in
1353 1019 1570 1082 sedem
1600 1018 1753 1082 vice.
1844 1019 2044 1083 Nunc
2073 1026 2138 1082 et
2166 1019 2580 1084 Achaemenio

842 1133 1149 1199 Perfundi
1180 1131 1381 1195 nardo
1402 1132 1609 1215 juvat,
1642 1138 1709 1194 et
1737 1130 1861 1193 fide
1892 1131 2193 1213 Cyllenea

930 1247 1172 1310 Levare
1202 1244 1356 1307 diris
1384 1251 1643 1328 pectora
1672 1243 2229 1308 sollicitudinibus.
2669 1245 2751 1306 10

841 1356 1098 1421 Nobilis
1126 1363 1202 1418 ut
1232 1354 1461 1438 grandi
1492 1354 1725 1418 cecinit
1755 1356 2118 1420 Centaurus
2149 1355 2410 1419 alumno
2431 1380 2537 1419 :—

861 1472 903 1501 “
927 1466 1198 1543 Invicte‚
1231 1465 1519 1527 mortalis
1551 1464 1670 1528 dea
1698 1472 1847 1527 nate
1875 1485 2035 1548 puer
2064 1464 2358 1541 Thetide,

839 1578 929 1640 Te
960 1583 1178 1638 manet
1208 1575 1511 1640 Assaraci*
1534 1574 1745 1651 telluS‚
1779 1596 1972 1657 quam
2001 1574 2236 1655 frigida
2264 1575 2441 1657 parvi

926 1687 1215 1751 Findunt
1246 1684 1621 1749 Scamandri
1649 1686 1937 1759 flumina,
1971 1685 2255 1748 lubricus
2286 1693 2352 1749 et
2386 1686 2659 1763 Simo‘1s3

842 1797 1032 1861 'Unde
1064 1796 1181 1859 tibi
1211 1795 1492 1859 reditum
1524 1803 1700 1858 certo
1731 1795 2090 1858 subtemine
2121 1797 2341 1859 Parcae
2666 1798 2744 1857 15

926 1908 1179 1990 Rupere
1202 1932 1221 1984 3
1267 1927 1387 1969 nec
1416 1912 1624 1967 mater
1653 1904 1916 1967 domum
1948 1905 2183 1968 caerula
2212 1912 2277 1968 te
2306 1904 2585 1969 revehet.

838 2018 984 2082 IUic
1013 2039 1203 2081 omne
1233 2017 1476 2080 malum
1506 2015 1655 2079 vino
1684 2023 2004 2098 cantuque
2034 2015 2263 2093 levat0,

923 2129 1247 2194 Deformis
1278 2127 1666 2211 aegrimoniae
1697 2127 1989 2192 dulcibus
2020 2127 2379 2211 alloquiis.’'

1640 2441 1828 2504 XIV.

924 2565 1193 2628 Monms
1225 2565 1459 2629 inertia
1488 2586 1604 2629 cur
1631 2573 1882 2627 tantam
1912 2563 2241 2627 diffuderit
2271 2563 2418 2627 imis

1012 2677 1415 2740 Oblivionem
1447 2675 1760 2753 sensibuS‚

925 2787 1163 2851 Pocula
1194 2787 1491 2851 Lethaeos
1521 2795 1596 2850 ut
1625 2787 1680 2850 si
1709 2786 2010 2850 ducentia
2038 2805 2293 2848 somnos

1009 2899 1254 2961 Arente
1282 2898 1465 2960 fauce
1494 2898 1818 2974 traxerim,

923 3008 1210 3071 Candide
1240 3009 1585 3085 Maecenas„
1618 3008 1851 3071 occidis
1882 3029 2047 3091 saepe
2075 3006 2359 3091 rogando
2385 3032 2399 3070 ι
2645 3011 2648 3014 ’
2703 3009 2741 3068 5

1008 3118 1206 3196 Deus,
1239 3117 1395 3182 deus
1425 3140 1577 3181 nam
1608 3140 1712 3182 me
1741 3127 1917 3182 vetat
1995 3187 1998 3192 ⁵

922 3228 1243 3312 InceptOS,
1274 3230 1426 3292 olim
1456 3230 1841 3313 promissum
1870 3249 2148 3307 carmen,
2181 3229 2425 3293 iambos

1008 3341 1114 3405 Ad
1143 3340 1516 3404 umbilicum
1548 3340 1877 3403 adducere.

922 3452 1077 3515 Non
1108 3452 1292 3514 aliter
1323 3451 1542 3515 Samio
1573 3451 1795 3514 dicunt
1828 3451 2054 3515 arsisse
2093 3451 2397 3534 Bathyllo

1007 3563 1416 3626 Anacreonta
1444 3564 1694 3639 Te'ium,
2665 3562 2744 3622 10

924 3674 1056 3740 Qui
1085 3652 1364 3757 persaepe
1395 3695 1547 3737 cava
1578 3675 1899 3738 testudine
1929 3675 2102 3738 flevit
2133 3695 2433 3751 amorem,

1005 3786 1162 3849 Non
1192 3786 1589 3851 elaboratum
1621 3785 1698 3848 ad
1729 3785 1980 3870 pedem.

924 3898 1145 3961 Ureris
1175 3898 1306 3982 ipse
1336 3899 1531 3961 miser
1557 3925 1569 3960 :
1620 3899 1790 3981 quod
1821 3898 1872 3959 si
1905 3919 2032 3961 non
2063 3897 2386 3982 pulchrior
2415 3896 2580 3979 ignis

1005 4011 1320 4076 Accendit
1350 4012 1673 4075 obsessam
1707 4012 1898 4088 Ilion,

923 4124 1150 4188 Gaude
1179 4130 1349 4186 sorte
1380 4131 1493 4185 tua
1516 4149 1534 4199 ;
1583 4144 1686 4185 me
1715 4122 2036 4199 libertina,
2069 4143 2277 4204 neque
2307 4142 2436 4182 uno
2662 4121 2736 4179 15

1007 4237 1348 4311 Contenta,
1383 4233 1642 4315 Phrync
1673 4239 1970 4294 macerat.

1556 4378 1662 4413 xrv.
1699 4368 1776 4414 15.
1800 4382 1910 4414 noc.
