3025 4776
969 321 1540 381 EPISTULARUM
1596 323 1748 381 LIB.
1812 325 1899 381 II.
1968 323 2007 381 i.
2595 330 2707 382 233

280 487 369 548 55
416 482 792 567 Ambigitur
820 485 1116 567 quotiens
1145 494 1292 550 uter
1321 494 1467 550 utro
1496 487 1581 550 sit
1612 486 1804 570 prior,
1836 486 2046 550 aufert

415 595 733 659 Pacuvius
764 595 935 658 docti
964 595 1203 658 famam
1236 596 1427 673 senis,
1459 597 1696 660 Accius
1727 597 1862 675 alti,
2309 632 2402 662 een.
2424 621 2465 662 S.
2487 623 2524 662 2.
2547 622 2583 680 i.
2602 623 2665 663 34.

417 707 672 770 Dicitur
700 706 927 770 Afrani
960 714 1112 789 toga
1139 708 1506 771 convenisse
1540 709 1922 785 Menandm,

418 817 689 880 Plautus
721 816 800 879 ad
831 818 1153 899 exemplar
1186 818 1386 880 Siculi
1415 839 1754 901 properare
1785 819 2176 902 Epicharmi,

416 928 693 991 Vincere
723 927 1019 991 Caeeilius
1050 928 1382 1010 gravitate,
1414 929 1750 993 Terentius
1781 937 1938 993 arte.

287 1039 376 1101 60
422 1016 564 1100 Hos
593 1036 818 1100 ediscit
848 1044 915 1100 et
944 1036 1060 1100 hos
1091 1044 1231 1099 arto
1261 1037 1498 1118 stipata
1528 1037 1782 1102 theatro
2312 1047 2374 1085 ⁶0·
2397 1044 2447 1086 ¹²²·
2469 1045 2508 1084 ¹·
2530 1045 2591 1084 1⁹·
2616 1045 2679 1085 ⁴¹·

422 1150 683 1231 Spectat
714 1148 924 1210 Roma
952 1154 1220 1230 potens;
1269 1146 1469 1210 habet
1489 1146 1607 1210 hos
1628 1155 2047 1231 numeratque
2070 1150 2289 1230 poetas

420 1256 527 1319 Ad
553 1264 846 1320 nostrum
876 1263 1130 1339 tempus
1161 1256 1304 1319 Livi
1335 1256 1661 1340 scriptoris
1692 1256 1771 1320 ab
1803 1279 1957 1320 aevo.

420 1365 761 1431 Interdum
790 1366 1013 1449 volgus
1045 1374 1290 1429 rectum
1319 1365 1512 1443 videt,
1548 1374 1644 1430 est
1673 1367 1785 1430 ubi
1816 1375 2057 1450 peccat.

424 1479 494 1541 Si
523 1485 766 1541 veteres
794 1477 890 1539 ita
918 1477 1192 1539 miratur
1219 1476 1565 1558 laudatque
1597 1480 1839 1559 potitaS,

291 1591 374 1652 65
425 1590 522 1652 Ut
551 1586 714 1650 nihil
742 1586 1081 1664 anteferat,
1112 1585 1275 1648 nihil
1304 1586 1429 1649 illis
1460 1593 1786 1669 comparet
1809 1613 1827 1665 3
1877 1594 2048 1650 errat
2075 1613 2089 1652 ε

427 1699 497 1762 Si
528 1698 817 1781 quaedam
849 1697 1041 1760 nimis
1074 1697 1355 1779 antique,
1388 1696 1441 1758 si
1470 1697 1770 1780 pleraque
1801 1697 1958 1760 dure
2315 1710 2413 1751 dur.
2435 1710 2476 1752 S.
2495 1712 2530 1750 1.
2551 1712 2588 1751 4.
2609 1712 2649 1752 8.

424 1810 654 1873 Dicere
685 1808 886 1871 credit
916 1829 1045 1886 eOS,
1079 1808 1304 1890 ignave
1335 1808 1539 1870 multa
1568 1809 1823 1884 fatetur,

424 1922 512 1985 Et
543 1919 708 2003 sapit
739 1928 804 1983 et
833 1941 1083 1983 mecum
1118 1920 1272 1982 facit
1303 1927 1368 1982 et
1400 1920 1559 1982 Jove
1583 1919 1835 2001 judicat
1866 1939 2069 2000 aequo,
2307 1937 2404 1988 sac.
2425 1937 2476 1978 E.
2496 1938 2534 1978 2.
2554 1938 2591 1977 2.
2613 1939 2676 1978 23.

423 2031 578 2094 Non
607 2030 903 2113 equidem
933 2030 1211 2093 insector
1239 2029 1632 2111 delendaque
1659 2029 1946 2092 carmina
1976 2029 2118 2093 Livi

297 2147 380 2210 '70
422 2143 578 2206 Esse
607 2163 771 2221 reor,
803 2142 1066 2205 memini
1098 2163 1240 2224 quae
1269 2142 1602 2224 plagosum
1633 2140 1793 2204 mihi
1837 2160 2031 2224 parvo

425 2251 745 2317 Orbilium
776 2251 1017 2315 dictare
1040 2278 1060 2329 3
1108 2252 1219 2315 sed
1249 2252 1589 2315 emendata
1616 2251 1815 2315 videri
2317 2260 2401 2300 dic·

424 2361 829 2445 Pulchraque
860 2367 925 2424 et
956 2361 1195 2425 exactis
1227 2361 1569 2424 minimum
1601 2361 1904 2425 distantia
1932 2361 2131 2425 miror
2151 2387 2171 2441 ς

425 2476 610 2539 Inter
641 2496 782 2558 quae
811 2475 1075 2538 verbum
1108 2475 1369 2538 emicuit
1398 2477 1451 2539 si
1480 2475 1646 2540 forte
1678 2476 1975 2539 decorum
2008 2484 2075 2540 et

427 2586 498 2649 Si
527 2607 744 2648 versus
773 2586 964 2668 paulo
994 2586 1366 2649 concinnior
1394 2608 1564 2649 unus
1593 2596 1655 2649 et
1689 2587 1872 2665 alter,

295 2700 376 2760 75
424 2697 675 2779 Injuste
704 2704 914 2759 totum
944 2696 1122 2760 ducit
1153 2697 1494 2780 venditque
1527 2703 1767 2782 poema.

2449 2285 2472 2298 1-

2422 2258 2469 2349 ,ωτι

2492 2260 2526 2349 ,νη-ι

2523 2290 2531 2299 ι

2551 2260 2571 2347 μὴὸ

2578 2262 2613 2298 8.
2639 2260 2700 2321 IJ.

2655 2323 2679 2347 ο

426 2812 738 2895 Indignor
767 2812 1107 2895 quicquam
1137 2813 1537 2897 reprehendi,
1571 2836 1701 2877 non
1733 2815 1882 2897 quia
1912 2835 2117 2879 crasse

425 2923 868 3007 Compositum
899 2923 1229 3006 illepideve
1259 2931 1540 3007 putetur,
1574 2924 1683 2988 sed
1715 2926 1864 3007 quia
1898 2946 2141 3009 nuper,

425 3034 567 3097 Nec
596 3033 845 3096 veniam
879 3033 1182 3115 antiquis,
1214 3032 1326 3095 sed
1358 3032 1663 3096 honorem
1696 3041 1760 3097 et
1790 3034 2050 3117 praemia
2079 3035 2272 3117 posci.

428 3145 629 3207 Recte
657 3164 858 3206 necne
888 3164 1144 3206 crocum
1176 3143 1485 3224 floresque
1518 3143 1914 3227 perambulet
1942 3147 2118 3208 Attae

297 3258 384 3319 80
428 3255 671 3320 Fabula
700 3256 752 3318 si
785 3255 1095 3333 dubitem,
1130 3256 1409 3318 clament
1437 3256 1695 3338 periisse
1723 3257 2031 3339 pudorem

428 3365 661 3429 Cuncti
691 3387 871 3449 paene
900 3373 1131 3448 patres,
1164 3385 1239 3428 ea
1269 3386 1415 3427 cum
1446 3364 1904 3447 reprehendere
1935 3389 2146 3447 coner,

429 3477 593 3543 Quae
625 3476 831 3558 gravis
861 3476 1160 3558 AEsopuS,
1195 3497 1336 3558 quae
1365 3475 1592 3539 doctus
1625 3477 1892 3539 Roscius
1924 3478 2055 3559 egit
2084 3503 2097 3540 :

427 3587 555 3650 Vel
586 3588 736 3669 quia
764 3586 856 3649 nil
886 3593 1155 3663 rectum,
1188 3585 1311 3648 nisi
1341 3586 1512 3667 quod
1542 3586 1779 3668 placuit
1809 3586 1950 3665 sibi,
1984 3587 2250 3665 ducunt,

426 3696 552 3759 Vel
583 3696 731 3778 quia
762 3704 945 3778 turpe
976 3703 1208 3778 putant
1237 3716 1457 3777 parere
1491 3696 1842 3760 minoribus
1872 3705 1957 3775 et,
1991 3719 2132 3780 quae

300 3808 382 3868 85
430 3806 764 3870 Imberbes
794 3805 1092 3882 didicere,
1126 3826 1310 3868 senes
1340 3805 1663 3887 perdenda
1691 3806 1897 3869 fateri.

429 3917 472 3979 J
476 3938 579 3978 am
614 3915 854 3978 Saliare
881 3915 1121 3978 Numae
1152 3934 1411 3976 carmen
1444 3914 1554 3996 qui
1583 3914 1804 3977 laudat
1834 3924 1899 3979 et
1928 3916 2106 3995 illud,

432 4023 623 4088 Quod
654 4044 902 4086 mecum
936 4023 1211 4106 ignorat,
1243 4024 1414 4085 solus
1445 4024 1578 4087 volt
1607 4025 1766 4087 scire
1795 4025 2014 4104 videri,

432 4132 718 4214 Ingeniis
747 4153 877 4194 non
907 4132 1015 4195 ille
1044 4132 1213 4195 favet
1244 4133 1614 4216 plauditque
1644 4137 1927 4218 sepultis,

651 4297 731 4346 55.
768 4299 990 4358 quoties.
1126 4298 1203 4346 56.
1244 4299 1438 4346 Attius.
1574 4298 1654 4348 76.
1691 4302 1945 4361 reprendi.
