3025 4776
373 307 486 361 196
1056 325 1061 330 ⁴
1214 307 1280 381 Q.
1324 309 1640 367 HORATJ
1682 305 1973 367 Fonol

803 471 1003 534 Filius
1031 471 1415 535 immaturus
1444 472 1706 551 obisset,
1738 474 1909 538 flere.
2004 473 2168 540 Quis
2197 480 2363 537 esset

802 582 999 661 Finis,
1031 583 1100 646 ni
1129 584 1380 667 sapiens
1409 585 1499 647 sic
1529 585 1981 649 Nomentanus
2011 584 2290 648 amicum

799 693 1111 757 Tolleret:
1163 695 1337 772 Heu,
1371 695 1678 772 Fortuna,
1712 695 1854 777 quis
1884 702 1982 758 est
2012 694 2326 759 crudelior
2356 694 2426 758 in
2455 716 2572 759 nos

798 804 891 866 Te
920 802 1076 867 deus
1099 804 1129 865 Ῥ
1220 806 1317 868 Ut
1348 825 1600 887 semper
1626 804 1863 887 gaudes
1892 803 2158 867 illudere
2186 803 2377 867 rebus

802 912 1161 977 Humanis!
1211 914 1447 978 Varius
1477 936 1707 998 mappa
1736 935 2132 997 compescere
2161 914 2364 977 risum

376 1046 439 1096 ⁶⁴·
462 1045 503 1086 s.
527 1045 562 1087 ι.
581 1047 619 1087 e.
639 1047 677 1087 ε.
797 1025 928 1087 Vix
957 1032 1227 1108 poterat.
1318 1025 1581 1088 Balatro
1610 1025 1998 1108 suspendens
2027 1025 2244 1089 omnia
2273 1047 2448 1104 naso,

800 1137 963 1200 Haec
992 1143 1091 1199 est
1120 1135 1409 1200 condicio
1436 1136 1706 1214 vivendi,
1740 1136 1970 1214 aiebat,
2003 1157 2202 1219 eoque

797 1248 1208 1330 Responsura
1235 1254 1353 1310 tuo
1378 1267 1731 1330 numquam
1760 1255 1858 1310 est
1886 1268 2001 1330 par
2027 1246 2199 1310 fama
2225 1245 2447 1314 labori.

374 1372 727 1474 “¹'‘292'1i‘ffi'
796 1357 991 1437 Tene,
1021 1364 1098 1421 ut
1128 1379 1248 1440 ego
1277 1358 1555 1441 accipiar
1578 1358 1772 1436 laute,
1804 1357 2158 1439 torquerier
2186 1359 2362 1421 omni

799 1468 1241 1532 Sollicitudine
1270 1468 1655 1547 districtum,
1688 1489 1768 1532 ne
1799 1469 1980 1552 panis
2009 1468 2293 1542 adustus,

797 1581 903 1644 Ne
933 1580 1101 1645 male
1129 1580 1455 1644 conditum
1482 1581 1592 1662 jus
1622 1588 2001 1663 apponatur,
2035 1588 2110 1643 ut
2139 1601 2363 1645 omnes

368 1709 480 1748 prae.
503 1697 543 1738 S·
567 1698 662 1791 1-33
682 1700 768 1789 ξῶ,
796 1691 1140 1756 Praecincti
1169 1698 1342 1755 recte
1371 1691 1551 1773 pueri
1584 1691 1948 1774 comptique
1978 1691 2348 1756 ministrent
2372 1693 2405 1753 ἲ

796 1799 982 1864 Adde
1010 1799 1127 1863 hos
1155 1806 1461 1883 praeterea
1491 1820 1696 1879 casua,
1729 1802 1931 1865 aulaea
1960 1809 2151 1864 ruant
2195 1802 2269 1879 si,

796 1913 895 1976 Ut
924 1909 1114 1974 modo
1137 1936 1156 1988 ;
1204 1909 1259 1973 si
1287 1910 1574 1992 patinam
1605 1911 1763 1994 pede
1791 1912 2005 1995 lapsus
2034 1912 2288 1996 frangat
2319 1936 2529 1998 agaso.

801 2021 929 2085 Sed
959 2020 1400 2098 convivatoris,
1430 2020 1530 2083 uti
1561 2021 1761 2099 ducis,
1794 2022 2124 2105 ingenium
2158 2043 2256 2086 res

795 2131 1099 2195 Adversae
1127 2130 1369 2193 nudare
1399 2131 1627 2208 solent,
1660 2131 1862 2194 celare
1892 2131 2208 2196 secundae.

792 2243 1183 2308 Nasidienus
1212 2243 1293 2306 ad
1320 2242 1458 2307 haec
1485 2268 1498 2306 ε
1547 2242 1691 2306 Tibi
1720 2243 1807 2305 Di
1838 2263 2254 2326 quaecumque
2282 2246 2560 2327 preceris

795 2468 884 2530 Et
913 2467 1115 2531 soleas
1142 2466 1367 2550 poscit.
1459 2466 1627 2529 Tum
1658 2464 1727 2527 in
1755 2465 1922 2529 lecto
1952 2487 2203 2549 quoque
2231 2466 2475 2531 videres

799 2580 1083 2643 Stridere
1113 2587 1357 2643 secreta
1386 2578 1618 2641 divisos
1648 2599 1800 2641 aure
1831 2598 2140 2642 susurros.

793 2691 1029 2754 Nullos
1056 2690 1158 2754 his
1188 2691 1445 2754 mallem
1476 2690 1662 2754 ludos
1694 2698 2011 2773 spectasse
2033 2717 2052 2769 3
2099 2690 2211 2755 sed
2241 2691 2352 2755 illa

797 2802 1039 2882 Redde,
1071 2825 1210 2887 age,
1243 2824 1387 2888 quae
1418 2802 1714 2885 deinceps
1744 2802 1957 2865 risisti.
2048 2802 2346 2866 Vibidius
2377 2802 2533 2867 dum

797 2914 1046 2979 Quaerit
1077 2913 1155 2976 de
1184 2914 1420 2996 pueris,
1451 2933 1612 2975 num
1643 2912 1726 2975 sit
1757 2932 2009 2994 quoque
2038 2911 2240 2975 fracta
2266 2912 2514 2996 lagena,

797 3024 989 3091 Quod
1018 3024 1139 3088 sibi
1168 3024 1453 3107 poscenti
1481 3045 1612 3089 non
1646 3024 1880 3086 dantur
1906 3023 2152 3105 pocula,
2186 3023 2468 3107 dumque

796 3136 1069 3201 Ridetur
1099 3136 1266 3199 fictis
1295 3157 1508 3199 rerum
1541 3135 1886 3197 Balatrone
1917 3133 2216 3212 secundo,

795 3249 1167 3327 Nasidiene,
1199 3248 1367 3312 redis
1397 3254 1665 3311 mutatae
1695 3244 1945 3322 frontis,
1979 3253 2055 3308 ut
2085 3254 2221 3309 arte

796 3359 1273 3424 Emendaturus
1304 3358 1668 3435 fortunam,
1716 3354 1944 3419 deinde
1985 3354 2186 3418 secuti

795 3473 1183 3537 Mazonomo
1213 3469 1391 3552 pueri
1421 3488 1654 3550 magno
1685 3466 2001 3549 discerpta
2030 3465 2306 3529 ferentes

795 3582 1097 3648 Membra
1124 3581 1299 3664 gruis
1329 3578 1527 3662 sparsi
1558 3578 1687 3640 sale
1718 3576 1944 3655 multo,
1976 3597 2106 3639 non
2137 3575 2273 3639 sine
2303 3577 2491 3657 farre,

795 3692 1156 3777 Pinguibus
1187 3699 1253 3753 et
1281 3689 1417 3752 ficis
1445 3696 1701 3771 pastum
1722 3687 1907 3769 jecur
1935 3686 2175 3750 anseris
2204 3686 2386 3765 albae,

370 3833 433 3873 so.
456 3828 497 3869 s.
518 3828 555 3867 2.
576 3828 612 3867 4.
634 3828 699 3866 44.
794 3808 886 3871 Et
914 3805 1204 3888 leporum
1236 3799 1499 3877 avolsos,
1531 3805 1606 3861 ut
1637 3798 1842 3860 multo
1871 3797 2146 3876 suavius,
2180 3818 2392 3862 armos

2711 586 2798 647 60

2712 1143 2794 1199 65

2631 2255 2636 2258 ’
2709 2252 2796 2312 75

784 2353 1150 2419 -Commoda
1178 2353 1333 2418 dent
1359 2354 1373 2418 l
1423 2353 1518 2418 ita
1545 2353 1641 2417 vir
1671 2352 1877 2417 bonus
1906 2374 1974 2417 es
2005 2353 2389 2439 convivaque
2420 2358 2616 2421 comis
2636 2384 2656 2437 3

2707 3363 2790 3422 85

374 3945 458 3986 nu.
482 3945 561 3995 Ep.
582 3946 619 3985 ³.
640 3945 679 3985 s.
798 3919 1012 3984 Quam
1043 3913 1098 3977 si
1127 3934 1275 3976 cum
1304 3909 1542 3973 lumbis
1573 3908 1713 3992 quis
1745 3908 1897 3972 edit.
1988 3910 2155 3973 Tum
2182 3917 2437 3992 pectore
2479 3912 2709 3977 adusto

794 4026 1095 4089 Vidimus
1125 4031 1191 4087 et
1221 4019 1494 4084 merulas
1524 4020 1671 4102 poni
1703 4027 1769 4082 et
1797 4019 1935 4103 gine
1965 4020 2152 4083 clune
2181 4021 2532 4103 palumbes,

800 4142 1037 4203 Suaves
1067 4156 1186 4213 res,
1220 4134 1272 4196 si
1305 4153 1434 4196 non
1465 4152 1686 4193 causas
1717 4139 2004 4195 narraret
2034 4153 2252 4195 carum
2293 4140 2359 4195 et

1675 4308 1753 4353 88.
1791 4305 1910 4352 albi.

2708 4029 2783 4090 91
