3025 4776
247 488 285 527 9.
307 474 356 515 0.
376 476 416 517 8.
435 474 498 515 10.
516 474 581 513 26.

252 958 313 997 ¹3-
334 943 386 986 Ε.
405 945 444 987 2.
463 944 502 986 8.
522 943 611 983 lm.

248 1397 312 1439 17.
333 1388 384 1429 E.
405 1390 442 1429 1.
465 1389 527 1429 12.
547 1387 610 1429 2⁷.

326 1440 373 1480 C.
390 1441 485 1480 89.
504 1441 544 1479 4.

251 1518 313 1558 18.
335 1515 383 1558 0.
402 1517 441 1557 4.
459 1517 499 1557 9.
517 1517 582 1557 45.

250 1982 338 2035 aas.
360 1981 412 2023 s.
439 1982 476 2023 1.
498 1982 642 2024 122³.

249 3235 288 3275 ⁶.
307 3231 388 3283 Ep.
408 3232 446 3273 8.
467 3231 531 3273 2⁴.

234 3348 327 3400 see.
347 3347 395 3390 ο.
415 3350 453 3389 a.
469 3348 531 3389 14.
547 3348 610 3389 ιε.

249 3450 340 3490 noe.
362 3447 403 3491 e.
424 3448 626 3490 1.10.24.

250 3609 289 3647 9.
309 3594 357 3637 0.
375 3596 415 3637 2.
435 3594 497 3636 11.
520 3595 584 3636 18.

247 3944 334 3986 tre.
352 3942 404 3984 B.
425 3942 461 3984 1.
483 3944 544 3983 lo.
563 3944 628 3984 21.

253 4056 314 4095 ¹3·
336 4043 384 4086 0.
404 4044 441 4083 1.
461 4045 524 4084 86.
545 4044 608 4084 lo.

399 4097 437 4136 ³.
458 4095 520 4134 14.
542 4094 589 4134 1⁷
610 4107 622 4144 ς

458 4146 521 4185 29.
541 4146 579 4184 3.

876 4290 932 4325 ιι.
970 4278 1051 4326 23.
1078 4277 1333 4339 ingentes.

1042 284 1110 359 ρ.
1179 282 1498 340 HORAH
1555 280 1847 339 ιιι-,Λυσι

930 446 1162 512 Latius
1191 466 1419 529 regnes
1448 444 1705 509 avidum
1736 443 2055 509 domando

937 558 1273 642 Spiritum,
1305 577 1499 639 quam
1531 556 1585 619 si
1616 556 1893 639 Libyam
1921 554 2186 619 remotis

935 668 1225 734 Gadibus
1249 668 1506 751 jungas,
1539 675 1605 730 et
1638 674 1905 751 uterque
1934 667 2177 731 Poenus

1196 778 1444 842 Serviat
1471 778 1610 841 uni.

935 910 1182 977 Crescit
1208 910 1549 993 indulgens
1578 909 1701 973 sibi
1730 909 1907 973 dirus
1935 909 2234 994 hydrope,

930 1023 1074 1086 Nee
1104 1021 1279 1084 sitim
1311 1021 1512 1105 pellit,
1545 1021 1670 1084 nisi
1700 1042 1892 1084 causa
1919 1021 2128 1085 morbi

934 1131 1199 1215 Fugerit
1228 1131 1424 1208 venis,
1456 1138 1523 1194 et
1554 1151 1827 1213 aquosus
1856 1129 2002 1193 albo

1195 1243 1474 1325 Corpore
1500 1241 1795 1323 languor.

930 1376 1290 1453 ‚Redditum
1322 1375 1478 1460 Cyri
1505 1376 1664 1438 solio
1695 1374 2020 1440 Phraaten

932 1486 1263 1550 Dissidens
1293 1485 1464 1568 plebi
1495 1505 1764 1549 numero
1793 1484 2131 1548 beatorum

932 1597 1176 1660 Eximit
1203 1596 1453 1673 Virtus,
1487 1596 1923 1680 populumque
1950 1596 2128 1659 falsis

1191 1706 1480 1771 Dedoeet
1508 1708 1610 1770 uti

931 1844 1218 1909 Vocibus
1239 1870 1260 1923 3
1305 1865 1578 1926 regnum
1608 1849 1675 1907 et
1704 1843 1998 1907 diadema
2027 1850 2248 1907 tutum

930 1956 1242 2019 Deferens
1271 1955 1384 2018 uni
1413 1955 1862 2039 propriamque
1890 1955 2166 2033 laurum,

932 2065 1239 2149 Quisquis
1268 2066 1551 2148 ingentis
1580 2066 1766 2130 oculo
1794 2066 2107 2130 inretorto

1190 2177 1451 2257 Spectat
1480 2196 1755 2240 acervos.

1610 2485 1751 2550 ΙΙΙ.
1825 2531 1828 2534 ι

930 2621 1208 2690 AEomm
1239 2625 1567 2683 memento
1603 2620 1793 2683 rebus
1820 2619 1890 2683 in
1921 2618 2138 2683 arduis

935 2732 1199 2795 Servare
1227 2736 1532 2806 mentem,
1564 2750 1693 2792 non
1724 2749 1905 2792 secus
1935 2730 2002 2791 in
2032 2729 2217 2792 bonis

1014 2841 1122 2907 Ab
1151 2840 1449 2904 insolenti
1478 2847 1902 2923 temperatam

1103 2950 1385 3027 Laetitia,
1415 2951 1726 3013 moriture
1757 2949 1950 3028 Delli,

934 3088 1066 3151 Seu
1093 3095 1363 3150 maestus
1393 3087 1571 3150 omni
1599 3093 1885 3168 tempore
1914 3086 2166 3166 vixeris,

936 3200 1066 3261 Seu
1096 3206 1162 3260 te
1190 3198 1261 3260 in
1289 3205 1539 3262 remoto
1568 3196 1854 3278 gramine
1883 3216 1997 3278 per
2025 3196 2160 3260 dies

1021 3312 1244 3374 Festos
1270 3309 1650 3374 reclinatum
1679 3306 1888 3371 bearis

1109 3420 1427 3485 Interiore
1455 3426 1615 3482 nota
1642 3418 1917 3483 Falerni.

934 3558 1082 3623 Quo
1110 3556 1300 3640 pinus
1329 3556 1555 3638 ingens
1586 3554 1855 3637 albaque
1881 3555 2154 3639 populus

936 3665 1257 3730 Umbram
1284 3664 1663 3747 hospitalem
1695 3665 2056 3730 consociare
2083 3676 2302 3731 amant

1024 3780 1296 3845 Ramis?
1345 3779 1500 3862 quid
1530 3780 1787 3862 obliquo
1813 3780 2063 3845 laborat

1106 3892 1403 3976 Lympha
1433 3893 1628 3976 fugax
1656 3895 1971 3978 trepidare
2000 3897 2188 3961 rivo?

937 4028 1090 4092 Huc
1118 4027 1266 4090 vina
1293 4036 1359 4091 et
1388 4037 1723 4110 unguenta
1752 4038 1817 4093 et
1846 4031 2120 4095 nimium
2149 4031 2357 4097 brevis

934 4140 1157 4203 Flores
1187 4159 1454 4203 amoenae
1482 4140 1648 4202 ferre
1671 4140 1829 4222 jube
1857 4161 2040 4220 rosae,

1539 4289 1617 4322 111.
1657 4279 1736 4325 11.
1774 4283 1842 4336 et,
1872 4281 2006 4326 Bent.
2153 4282 2231 4329 13.
2268 4282 2466 4331 breves.

2588 559 2671 619 10

2587 1134 2665 1193 15

2582 1709 2668 1770 20

2584 3673 2668 3733 10
