3025 4776
313 1696 404 1756 10

324 3424 409 3483 10

306 4001 391 4064 15

1071 284 1516 343 CARMINUM
1583 285 1737 344 LIB.
1775 286 1829 346 Ι.
1874 286 1996 348 xxi.

1306 517 1455 581 XX.

582 652 763 714 Van
794 648 1044 733 potabis
1072 649 1340 713 modicis
1373 651 1687 715 Sabinum

584 759 949 838 Cantharis,
985 761 1214 824 Graeea
1242 760 1411 843 quod
1442 783 1562 844 ego
1591 763 1725 845 ipse
1753 767 1921 827 testa
1965 853 1976 859 ·

584 870 935 934 Conditum
962 871 1112 948 levi,
1144 870 1334 934 datus
1363 871 1434 934 in
1462 871 1718 937 theatro

927 981 1097 1044 Cum
1126 980 1248 1043 tibi
1275 981 1560 1064 plausus,

573 1114 739 1178 Care
765 1114 1088 1178 Maecenas
1117 1134 1332 1198 eques,
1364 1122 1440 1178 ut
1468 1116 1719 1200 paterni

584 1224 899 1288 Fluminis
926 1224 1102 1307 ripae,
1134 1224 1327 1287 simul
1358 1233 1423 1288 et
1444 1227 1667 1309 jocosa

587 1334 905 1399 Redderet
931 1334 1150 1398 laudes
1176 1334 1297 1399 tibi
1326 1335 1632 1400 Vaticani

928 1443 1182 1509 Montis
1209 1445 1445 1528 imago.

588 1580 929 1646 Caecubam
958 1589 1024 1644 et
1052 1583 1228 1665 prelo
1258 1582 1573 1646 domitam
1605 1584 1845 1649 Caleno

584 1693 684 1755 Tu
712 1691 896 1755 bibes
925 1712 1157 1756 uvam:
1202 1713 1347 1756 mea
1375 1713 1495 1757 nee
1525 1693 1811 1758 Falernae

585 1805 970 1888 Temperant
996 1803 1181 1882 vites,
1212 1824 1422 1888 neque
1450 1805 1774 1870 Formiani

927 1914 1170 1977 Pocula
1199 1914 1411 1978 colles.

1232 2247 1451 2310 XXI.-

585 2376 865 2442 DuNAu
899 2384 1139 2441 tenerae
1169 2375 1363 2439 dieite
1390 2374 1706 2459 virgines:

587 2489 948 2567 Intonsum,
979 2487 1182 2571 pueri,
1216 2487 1410 2550 dicite
1439 2487 1797 2573 Cynthium
1823 2513 1837 2552 ε

670 2599 1119 2681 Latonamque
1146 2618 1446 2681 supremo

754 2709 1074 2773 Dilectam
1103 2708 1362 2793 penitus
1392 2710 1432 2772 J
1437 2708 1560 2773 ovi.

582 2844 719 2907 Vos
747 2845 963 2912 laetam
993 2843 1203 2906 fluviis
1233 2851 1299 2907 et
1326 2864 1670 2908 nemorum
1701 2864 1906 2921 coma,

584 2954 1022 3036 Quaecumque
1051 2960 1164 3016 aut
1194 2952 1407 3037 gelido
1437 2953 1757 3037 prominet
1787 2953 2048 3037 Algido,

668 3062 892 3146 Nigris
922 3070 1034 3125 aut
1063 3063 1450 3146 Erymanthi

758 3175 964 3253 Silvis,
999 3183 1112 3239 aut
1139 3175 1360 3239 viridis
1390 3175 1584 3259 Gragi
1609 3201 1624 3240 ι

579 3310 716 3373 Vos
744 3310 982 3394 Tempe
1010 3309 1281 3374 totidem
1310 3311 1521 3375 tollite
1549 3311 1868 3389 laudibus,

587 3421 1041 3502 Natalem'que,
1070 3441 1302 3498 mares,
1335 3422 1551 3485 Delon
1580 3421 1919 3504 Apollinis,

666 3530 1128 3613 Insignemque
1157 3530 1458 3614 pharetra

751 3640 1186 3723 Fraternaque
1214 3662 1509 3705 umerum
1541 3641 1699 3725 lyra.

583 3772 712 3837 Hic
739 3773 984 3838 bellum
1011 3774 1444 3853 lacrimosum,
1476 3774 1584 3837 hie
1614 3775 1915 3840 miseram
1942 3777 2179 3843 famem

580 3885 963 3967 Pestemque
991 3905 1031 3946 a
1057 3853 1632 3974 populoffprincipe
1662 3887 1937 3966 Caesare,
1969 3889 2040 3953 in

665 3994 889 4058 Persas
920 4001 1111 4077 atque
1140 3995 1492 4059 Britannos

753 4106 992 4168 Vestra
1019 4112 1234 4169 motus
1266 4112 1413 4188 aget
1442 4127 1648 4189 prece.

854 4269 938 4304 xx.
974 4256 1020 4305 5.
1056 4258 1210 4306 clare.
1413 4271 1522 4307 xxx.
1545 4259 1625 4307 16.
1663 4259 1790 4321 agit.

2680 291 2749 346 19
