<?xml version="1.0" encoding="UTF-8"?>
<!DOCTYPE html PUBLIC "-//W3C//DTD XHTML 1.0 Transitional//EN"
    "http://www.w3.org/TR/xhtml1/DTD/xhtml1-transitional.dtd">
<html xmlns="http://www.w3.org/1999/xhtml" xml:lang="en" lang="en">
 <head>
  <title>
</title>
<meta http-equiv="Content-Type" content="text/html;charset=utf-8" />
  <meta name='ocr-system' content='tesseract 3.04.00' />
  <meta name='ocr-capabilities' content='ocr_page ocr_carea ocr_par ocr_line ocrx_word'/>
</head>
<body>
  <div class='ocr_page' id='page_1' title='image "./quintihoratifla03horagoog_0200.png"; bbox 0 0 3025 4776; ppageno 0'>
   <div class='ocr_carea' id='block_1_1' title="bbox 347 275 456 330">
    <p class='ocr_par' dir='ltr' id='par_1_1' title="bbox 347 275 456 330">
     <span class='ocr_line' id='line_1_1' title="bbox 347 275 456 330; baseline -0.018 0"><span class='ocrx_word' id='word_1_1' title='bbox 347 275 456 330; x_wconf 80' lang='lat'><strong>163</strong></span> 
     </span>
    </p>
   </div>
   <div class='ocr_carea' id='block_1_2' title="bbox 343 675 702 732">
    <p class='ocr_par' dir='ltr' id='par_1_2' title="bbox 343 675 702 732">
     <span class='ocr_line' id='line_1_2' title="bbox 343 675 702 732; baseline 0 -11"><span class='ocrx_word' id='word_1_2' title='bbox 343 682 407 732; x_wconf 74' lang='lat'><strong>63.</strong></span> <span class='ocrx_word' id='word_1_3' title='bbox 429 679 477 722; x_wconf 88' lang='lat' dir='ltr'><strong>C.</strong></span> <span class='ocrx_word' id='word_1_4' title='bbox 499 680 534 720; x_wconf 91' lang='lat'><strong>1.</strong></span> <span class='ocrx_word' id='word_1_5' title='bbox 555 675 619 721; x_wconf 79' lang='lat'><strong>31.</strong></span> <span class='ocrx_word' id='word_1_6' title='bbox 640 680 702 721; x_wconf 76' lang='lat'><strong>1⁵.</strong></span> 
     </span>
    </p>
   </div>
   <div class='ocr_carea' id='block_1_3' title="bbox 344 1103 696 1193">
    <p class='ocr_par' dir='ltr' id='par_1_3' title="bbox 344 1103 696 1193">
     <span class='ocr_line' id='line_1_3' title="bbox 344 1103 600 1143; baseline -0.004 0"><span class='ocrx_word' id='word_1_7' title='bbox 344 1113 459 1143; x_wconf 68' lang='lat' dir='ltr'><strong>mun.</strong></span> <span class='ocrx_word' id='word_1_8' title='bbox 481 1113 518 1143; x_wconf 75' lang='lat' dir='ltr'><strong>v.</strong></span> <span class='ocrx_word' id='word_1_9' title='bbox 538 1103 600 1142; x_wconf 83' lang='lat'><strong>81.</strong></span> 
     </span>
     <span class='ocr_line' id='line_1_4' title="bbox 474 1152 696 1193; baseline 0.005 -1"><span class='ocrx_word' id='word_1_10' title='bbox 474 1152 521 1192; x_wconf 90' lang='lat' dir='ltr'><strong>C.</strong></span> <span class='ocrx_word' id='word_1_11' title='bbox 541 1154 579 1193; x_wconf 77' lang='lat'><strong>2.</strong></span> <span class='ocrx_word' id='word_1_12' title='bbox 599 1154 636 1192; x_wconf 79' lang='lat'><strong>5.</strong></span> <span class='ocrx_word' id='word_1_13' title='bbox 657 1152 696 1193; x_wconf 77' lang='lat'><strong>2.</strong></span> 
     </span>
    </p>
   </div>
   <div class='ocr_carea' id='block_1_4' title="bbox 337 1337 711 1387">
    <p class='ocr_par' dir='ltr' id='par_1_4' title="bbox 337 1337 711 1387">
     <span class='ocr_line' id='line_1_5' title="bbox 337 1337 711 1387; baseline 0.003 -10"><span class='ocrx_word' id='word_1_14' title='bbox 337 1347 449 1387; x_wconf 73' lang='lat' dir='ltr'><strong>pra.</strong></span> <span class='ocrx_word' id='word_1_15' title='bbox 471 1337 512 1379; x_wconf 87' lang='grc'><strong>8.</strong></span> <span class='ocrx_word' id='word_1_16' title='bbox 534 1338 570 1378; x_wconf 91' lang='lat' dir='ltr'><strong>l.</strong></span> <span class='ocrx_word' id='word_1_17' title='bbox 590 1339 629 1378; x_wconf 74' lang='lat'><strong>4.</strong></span> <span class='ocrx_word' id='word_1_18' title='bbox 648 1340 711 1378; x_wconf 86' lang='grc'><strong>88.</strong></span> 
     </span>
    </p>
   </div>
   <div class='ocr_carea' id='block_1_5' title="bbox 1184 268 1955 342">
    <p class='ocr_par' dir='ltr' id='par_1_5' title="bbox 1184 268 1955 342">
     <span class='ocr_line' id='line_1_6' title="bbox 1184 268 1955 342; baseline 0 -16"><span class='ocrx_word' id='word_1_19' title='bbox 1184 270 1250 342; x_wconf 74' lang='grc' dir='ltr'><strong>ρ.</strong></span> <span class='ocrx_word' id='word_1_20' title='bbox 1302 269 1620 327; x_wconf 73' lang='lat' dir='ltr'><em>HORATJ</em></span> <span class='ocrx_word' id='word_1_21' title='bbox 1667 268 1820 326; x_wconf 71' lang='grc' dir='ltr'><strong>ΠΛ</strong></span> <span class='ocrx_word' id='word_1_22' title='bbox 1827 269 1955 326; x_wconf 78' lang='grc' dir='ltr'><strong>σοι</strong></span> 
     </span>
    </p>
   </div>
   <div class='ocr_carea' id='block_1_6' title="bbox 764 430 2753 1394">
    <p class='ocr_par' dir='ltr' id='par_1_6' title="bbox 769 430 2236 515">
     <span class='ocr_line' id='line_1_7' title="bbox 769 430 2236 515; baseline -0.001 -18"><span class='ocrx_word' id='word_1_23' title='bbox 769 432 993 497; x_wconf 86' lang='lat' dir='ltr'><strong>Festos</strong></span> <span class='ocrx_word' id='word_1_24' title='bbox 1023 431 1274 496; x_wconf 78' lang='lat' dir='ltr'>albatus</span> <span class='ocrx_word' id='word_1_25' title='bbox 1304 432 1601 509; x_wconf 83' lang='lat' dir='ltr'><strong>celebret,</strong></span> <span class='ocrx_word' id='word_1_26' title='bbox 1633 452 1832 494; x_wconf 88' lang='lat' dir='ltr'><strong>cornu</strong></span> <span class='ocrx_word' id='word_1_27' title='bbox 1859 431 1996 515; x_wconf 87' lang='lat' dir='ltr'><strong>ipse</strong></span> <span class='ocrx_word' id='word_1_28' title='bbox 2024 430 2236 496; x_wconf 88' lang='lat' dir='ltr'><strong>bilibri</strong></span> 
     </span>
    </p>

    <p class='ocr_par' dir='ltr' id='par_1_7' title="bbox 768 542 2290 623">
     <span class='ocr_line' id='line_1_8' title="bbox 768 542 2290 623; baseline -0.002 -16"><span class='ocrx_word' id='word_1_29' title='bbox 768 542 1073 607; x_wconf 89' lang='lat' dir='ltr'><strong>Caulibus</strong></span> <span class='ocrx_word' id='word_1_30' title='bbox 1100 542 1393 620; x_wconf 87' lang='lat' dir='ltr'><strong>instillat,</strong></span> <span class='ocrx_word' id='word_1_31' title='bbox 1424 542 1655 606; x_wconf 85' lang='lat' dir='ltr'><strong>veteris</strong></span> <span class='ocrx_word' id='word_1_32' title='bbox 1684 563 1817 605; x_wconf 93' lang='lat' dir='ltr'><strong>non</strong></span> <span class='ocrx_word' id='word_1_33' title='bbox 1848 563 2073 623; x_wconf 88' lang='lat' dir='ltr'><strong>parcus</strong></span> <span class='ocrx_word' id='word_1_34' title='bbox 2104 542 2290 605; x_wconf 87' lang='lat' dir='ltr'><strong>aceti.</strong></span> 
     </span>
    </p>

    <p class='ocr_par' dir='ltr' id='par_1_8' title="bbox 769 651 2347 734">
     <span class='ocr_line' id='line_1_9' title="bbox 769 651 2347 734; baseline -0.001 -18"><span class='ocrx_word' id='word_1_35' title='bbox 769 652 963 717; x_wconf 83' lang='lat' dir='ltr'><strong>Quali</strong></span> <span class='ocrx_word' id='word_1_36' title='bbox 992 651 1193 734; x_wconf 88' lang='lat' dir='ltr'><strong>igitur</strong></span> <span class='ocrx_word' id='word_1_37' title='bbox 1221 651 1395 714; x_wconf 81' lang='lat' dir='ltr'><strong>victu</strong></span> <span class='ocrx_word' id='word_1_38' title='bbox 1426 652 1676 734; x_wconf 88' lang='lat' dir='ltr'><strong>sapiens</strong></span> <span class='ocrx_word' id='word_1_39' title='bbox 1705 659 1925 714; x_wconf 86' lang='lat' dir='ltr'><strong>utetur</strong></span> <span class='ocrx_word' id='word_1_40' title='bbox 1943 653 1973 714; x_wconf 83' lang='lat'><strong>⁰?</strong></span> <span class='ocrx_word' id='word_1_41' title='bbox 2018 660 2084 716; x_wconf 91' lang='lat' dir='ltr'><strong>et</strong></span> <span class='ocrx_word' id='word_1_42' title='bbox 2114 652 2347 716; x_wconf 89' lang='lat' dir='ltr'><strong>horum</strong></span> 
     </span>
    </p>

    <p class='ocr_par' dir='ltr' id='par_1_9' title="bbox 764 760 2753 1172">
     <span class='ocr_line' id='line_1_10' title="bbox 767 760 2753 844; baseline 0.001 -20"><span class='ocrx_word' id='word_1_43' title='bbox 767 762 1012 824; x_wconf 83' lang='lat' dir='ltr'><strong>Utrum</strong></span> <span class='ocrx_word' id='word_1_44' title='bbox 1041 760 1402 824; x_wconf 84' lang='lat' dir='ltr'><strong>imitabitur</strong></span> <span class='ocrx_word' id='word_1_45' title='bbox 1420 761 1450 822; x_wconf 81' lang='lat'><strong>⁰?</strong></span> <span class='ocrx_word' id='word_1_46' title='bbox 1544 760 1688 824; x_wconf 91' lang='lat' dir='ltr'><strong>Hac</strong></span> <span class='ocrx_word' id='word_1_47' title='bbox 1718 769 1905 843; x_wconf 89' lang='lat' dir='ltr'><strong>urget</strong></span> <span class='ocrx_word' id='word_1_48' title='bbox 1933 762 2141 844; x_wconf 88' lang='lat' dir='ltr'><strong>lupus,</strong></span> <span class='ocrx_word' id='word_1_49' title='bbox 2173 762 2294 825; x_wconf 89' lang='lat' dir='ltr'><strong>hac</strong></span> <span class='ocrx_word' id='word_1_50' title='bbox 2324 761 2519 840; x_wconf 77' lang='lat' dir='ltr'><strong>caniS,</strong></span> <span class='ocrx_word' id='word_1_51' title='bbox 2553 762 2753 826; x_wconf 87' lang='lat' dir='ltr'><strong>aiunt.</strong></span> 
     </span>
     <span class='ocr_line' id='line_1_11' title="bbox 764 857 2752 956; baseline 0.001 -21"><span class='ocrx_word' id='word_1_52' title='bbox 764 857 1055 935; x_wconf 84' lang='lat' dir='ltr'><strong>Mundus</strong></span> <span class='ocrx_word' id='word_1_53' title='bbox 1086 872 1207 935; x_wconf 92' lang='lat' dir='ltr'><strong>erit</strong></span> <span class='ocrx_word' id='word_1_54' title='bbox 1238 894 1362 955; x_wconf 84' lang='lat' dir='ltr'><strong>qua</strong></span> <span class='ocrx_word' id='word_1_55' title='bbox 1393 893 1525 936; x_wconf 89' lang='lat' dir='ltr'><strong>non</strong></span> <span class='ocrx_word' id='word_1_56' title='bbox 1556 872 1836 935; x_wconf 88' lang='lat' dir='ltr'><strong>offendat</strong></span> <span class='ocrx_word' id='word_1_57' title='bbox 1865 872 2157 936; x_wconf 89' lang='lat' dir='ltr'><strong>sordibus</strong></span> <span class='ocrx_word' id='word_1_58' title='bbox 2189 881 2381 956; x_wconf 90' lang='lat' dir='ltr'><strong>atque</strong></span> <span class='ocrx_word' id='word_1_59' title='bbox 2467 857 2474 862; x_wconf 40' lang='lat'>⁵</span> <span class='ocrx_word' id='word_1_60' title='bbox 2670 878 2752 936; x_wconf 89' lang='grc'><strong>65</strong></span> 
     </span>
     <span class='ocr_line' id='line_1_12' title="bbox 765 982 2613 1066; baseline 0.001 -23"><span class='ocrx_word' id='word_1_61' title='bbox 765 982 850 1043; x_wconf 91' lang='lat' dir='ltr'><strong>In</strong></span> <span class='ocrx_word' id='word_1_62' title='bbox 879 988 1172 1044; x_wconf 82' lang='lat' dir='ltr'><strong>neutram</strong></span> <span class='ocrx_word' id='word_1_63' title='bbox 1202 989 1449 1064; x_wconf 86' lang='lat' dir='ltr'><strong>partem</strong></span> <span class='ocrx_word' id='word_1_64' title='bbox 1480 982 1691 1044; x_wconf 90' lang='lat' dir='ltr'><strong>cultus</strong></span> <span class='ocrx_word' id='word_1_65' title='bbox 1720 983 1930 1045; x_wconf 89' lang='lat' dir='ltr'><strong>miser.</strong></span> <span class='ocrx_word' id='word_1_66' title='bbox 2024 983 2153 1047; x_wconf 91' lang='lat' dir='ltr'><strong>Hic</strong></span> <span class='ocrx_word' id='word_1_67' title='bbox 2183 1004 2388 1066; x_wconf 90' lang='lat' dir='ltr'><strong>neque</strong></span> <span class='ocrx_word' id='word_1_68' title='bbox 2418 983 2613 1046; x_wconf 81' lang='lat' dir='ltr'><strong>servis</strong></span> 
     </span>
     <span class='ocr_line' id='line_1_13' title="bbox 764 1087 2292 1172; baseline 0.001 -20"><span class='ocrx_word' id='word_1_69' title='bbox 764 1090 993 1153; x_wconf 84' lang='lat' dir='ltr'><strong>Albuti</strong></span> <span class='ocrx_word' id='word_1_70' title='bbox 1023 1089 1192 1152; x_wconf 91' lang='lat' dir='ltr'><strong>senis</strong></span> <span class='ocrx_word' id='word_1_71' title='bbox 1223 1090 1533 1172; x_wconf 82' lang='lat' dir='ltr'><strong>exemp10,</strong></span> <span class='ocrx_word' id='word_1_72' title='bbox 1565 1089 1721 1152; x_wconf 90' lang='lat' dir='ltr'><strong>dum</strong></span> <span class='ocrx_word' id='word_1_73' title='bbox 1744 1089 1974 1155; x_wconf 62' lang='lat' dir='ltr'><strong>&gt;munia</strong></span> <span class='ocrx_word' id='word_1_74' title='bbox 2003 1091 2184 1169; x_wconf 87' lang='lat' dir='ltr'><strong>didit,</strong></span> <span class='ocrx_word' id='word_1_75' title='bbox 2291 1087 2292 1090; x_wconf 47' lang='lat'>&#39;</span> 
     </span>
    </p>

    <p class='ocr_par' dir='ltr' id='par_1_10' title="bbox 769 1199 2424 1283">
     <span class='ocr_line' id='line_1_14' title="bbox 769 1199 2424 1283; baseline 0 -21"><span class='ocrx_word' id='word_1_76' title='bbox 769 1201 987 1262; x_wconf 79' lang='lat' dir='ltr'><strong>Saevus</strong></span> <span class='ocrx_word' id='word_1_77' title='bbox 1017 1200 1159 1277; x_wconf 90' lang='lat' dir='ltr'><strong>erit,</strong></span> <span class='ocrx_word' id='word_1_78' title='bbox 1191 1220 1309 1262; x_wconf 91' lang='lat' dir='ltr'><strong>nec</strong></span> <span class='ocrx_word' id='word_1_79' title='bbox 1340 1199 1431 1263; x_wconf 87' lang='lat' dir='ltr'><strong>sic</strong></span> <span class='ocrx_word' id='word_1_80' title='bbox 1460 1207 1537 1262; x_wconf 90' lang='lat' dir='ltr'><strong>ut</strong></span> <span class='ocrx_word' id='word_1_81' title='bbox 1567 1199 1835 1283; x_wconf 83' lang='lat' dir='ltr'><strong>simplex</strong></span> <span class='ocrx_word' id='word_1_82' title='bbox 1866 1201 2130 1264; x_wconf 85' lang='lat' dir='ltr'><strong>Naevius</strong></span> <span class='ocrx_word' id='word_1_83' title='bbox 2160 1207 2424 1264; x_wconf 89' lang='lat' dir='ltr'><strong>unctam</strong></span> 
     </span>
    </p>

    <p class='ocr_par' dir='ltr' id='par_1_11' title="bbox 767 1308 2751 1394">
     <span class='ocr_line' id='line_1_15' title="bbox 767 1308 2751 1394; baseline 0 -21"><span class='ocrx_word' id='word_1_84' title='bbox 767 1310 1062 1374; x_wconf 86' lang='lat' dir='ltr'><strong>Convivis</strong></span> <span class='ocrx_word' id='word_1_85' title='bbox 1094 1308 1400 1391; x_wconf 84' lang='lat' dir='ltr'><strong>praebebit</strong></span> <span class='ocrx_word' id='word_1_86' title='bbox 1429 1330 1657 1392; x_wconf 87' lang='lat' dir='ltr'><strong>aquam</strong></span> <span class='ocrx_word' id='word_1_87' title='bbox 1682 1335 1695 1373; x_wconf 76' lang='grc' dir='ltr'><strong><em>ε</em></strong></span> <span class='ocrx_word' id='word_1_88' title='bbox 1743 1311 1973 1374; x_wconf 87' lang='lat' dir='ltr'><strong>vitium</strong></span> <span class='ocrx_word' id='word_1_89' title='bbox 2000 1312 2122 1374; x_wconf 94' lang='lat' dir='ltr'><strong>hoc</strong></span> <span class='ocrx_word' id='word_1_90' title='bbox 2154 1333 2403 1394; x_wconf 91' lang='lat' dir='ltr'><strong>quoque</strong></span> <span class='ocrx_word' id='word_1_91' title='bbox 2425 1333 2751 1393; x_wconf 87' lang='lat' dir='ltr'><strong>magnum.</strong></span> 
     </span>
    </p>
   </div>
   <div class='ocr_carea' id='block_1_7' title="bbox 711 1423 2754 1507">
    <p class='ocr_par' dir='ltr' id='par_1_12' title="bbox 711 1423 2754 1507">
     <span class='ocr_line' id='line_1_16' title="bbox 711 1423 2754 1507; baseline -0.001 -20"><span class='ocrx_word' id='word_1_92' title='bbox 711 1481 718 1496; x_wconf 87' lang='grc'>,</span> <span class='ocrx_word' id='word_1_93' title='bbox 765 1424 1002 1506; x_wconf 83' lang='lat' dir='ltr'><strong>Accipe</strong></span> <span class='ocrx_word' id='word_1_94' title='bbox 1032 1444 1226 1500; x_wconf 87' lang='lat' dir='ltr'><strong>nunc,</strong></span> <span class='ocrx_word' id='word_1_95' title='bbox 1258 1423 1462 1486; x_wconf 88' lang='lat' dir='ltr'><strong>victus</strong></span> <span class='ocrx_word' id='word_1_96' title='bbox 1492 1424 1707 1486; x_wconf 89' lang='lat' dir='ltr'><strong>tenuis</strong></span> <span class='ocrx_word' id='word_1_97' title='bbox 1738 1446 1880 1506; x_wconf 86' lang='lat' dir='ltr'><strong>quae</strong></span> <span class='ocrx_word' id='word_1_98' title='bbox 1911 1435 2278 1507; x_wconf 88' lang='lat' dir='ltr'><strong>quantaque</strong></span> <span class='ocrx_word' id='word_1_99' title='bbox 2309 1444 2525 1487; x_wconf 87' lang='lat' dir='ltr'><strong>secum</strong></span> <span class='ocrx_word' id='word_1_100' title='bbox 2670 1427 2709 1486; x_wconf 83' lang='lat'><strong><em>7</em></strong></span> <span class='ocrx_word' id='word_1_101' title='bbox 2712 1425 2754 1484; x_wconf 93' lang='lat' dir='ltr'>O</span> 
     </span>
    </p>
   </div>
   <div class='ocr_carea' id='block_1_8' title="bbox 336 2099 717 2151">
    <p class='ocr_par' dir='ltr' id='par_1_13' title="bbox 336 2099 717 2151">
     <span class='ocr_line' id='line_1_17' title="bbox 336 2099 717 2151; baseline 0.003 -11"><span class='ocrx_word' id='word_1_102' title='bbox 336 2100 424 2151; x_wconf 74' lang='lat' dir='ltr'><strong>pu.</strong></span> <span class='ocrx_word' id='word_1_103' title='bbox 445 2099 495 2141; x_wconf 75' lang='grc' dir='ltr'><strong>Ε.</strong></span> <span class='ocrx_word' id='word_1_104' title='bbox 516 2101 553 2141; x_wconf 85' lang='lat'><strong>1.</strong></span> <span class='ocrx_word' id='word_1_105' title='bbox 574 2101 610 2142; x_wconf 92' lang='lat'><strong>1.</strong></span> <span class='ocrx_word' id='word_1_106' title='bbox 631 2102 717 2141; x_wconf 79' lang='lat'>100.</span> 
     </span>
    </p>
   </div>
   <div class='ocr_carea' id='block_1_9' title="bbox 326 3987 684 4039">
    <p class='ocr_par' dir='ltr' id='par_1_14' title="bbox 326 3987 684 4039">
     <span class='ocr_line' id='line_1_18' title="bbox 326 3987 684 4039; baseline -0.003 -10"><span class='ocrx_word' id='word_1_107' title='bbox 326 3987 420 4039; x_wconf 73' lang='lat' dir='ltr'><strong>pri.</strong></span> <span class='ocrx_word' id='word_1_108' title='bbox 443 3987 484 4027; x_wconf 81' lang='lat' dir='ltr'><strong>e.</strong></span> <span class='ocrx_word' id='word_1_109' title='bbox 506 3987 542 4028; x_wconf 89' lang='lat'><strong>1.</strong></span> <span class='ocrx_word' id='word_1_110' title='bbox 562 3989 599 4028; x_wconf 83' lang='lat'><strong>3.</strong></span> <span class='ocrx_word' id='word_1_111' title='bbox 622 3988 684 4028; x_wconf 82' lang='lat'><strong>99.</strong></span> 
     </span>
    </p>
   </div>
   <div class='ocr_carea' id='block_1_10' title="bbox 758 1533 2752 3594">
    <p class='ocr_par' dir='ltr' id='par_1_15' title="bbox 764 1533 2472 1616">
     <span class='ocr_line' id='line_1_19' title="bbox 764 1533 2472 1616; baseline -0.001 -19"><span class='ocrx_word' id='word_1_112' title='bbox 764 1533 1031 1597; x_wconf 88' lang='lat' dir='ltr'><strong>Afferat.</strong></span> <span class='ocrx_word' id='word_1_113' title='bbox 1123 1535 1208 1596; x_wconf 91' lang='lat' dir='ltr'><strong>In</strong></span> <span class='ocrx_word' id='word_1_114' title='bbox 1236 1533 1458 1616; x_wconf 86' lang='lat' dir='ltr'><strong>primis</strong></span> <span class='ocrx_word' id='word_1_115' title='bbox 1488 1534 1696 1596; x_wconf 84' lang='lat' dir='ltr'><strong>valeas</strong></span> <span class='ocrx_word' id='word_1_116' title='bbox 1724 1534 1924 1598; x_wconf 90' lang='lat' dir='ltr'><strong>bene:</strong></span> <span class='ocrx_word' id='word_1_117' title='bbox 1972 1557 2122 1597; x_wconf 90' lang='lat' dir='ltr'><strong>nam</strong></span> <span class='ocrx_word' id='word_1_118' title='bbox 2152 1535 2341 1598; x_wconf 85' lang='lat' dir='ltr'><strong>variae</strong></span> <span class='ocrx_word' id='word_1_119' title='bbox 2370 1556 2472 1597; x_wconf 90' lang='lat' dir='ltr'><strong>res</strong></span> 
     </span>
    </p>

    <p class='ocr_par' dir='ltr' id='par_1_16' title="bbox 765 1642 2388 1720">
     <span class='ocr_line' id='line_1_20' title="bbox 765 1642 2388 1720; baseline -0.002 -11"><span class='ocrx_word' id='word_1_120' title='bbox 765 1647 863 1709; x_wconf 92' lang='lat' dir='ltr'><strong>Ut</strong></span> <span class='ocrx_word' id='word_1_121' title='bbox 890 1651 1161 1706; x_wconf 82' lang='lat' dir='ltr'><strong>noceant</strong></span> <span class='ocrx_word' id='word_1_122' title='bbox 1189 1642 1455 1716; x_wconf 91' lang='lat' dir='ltr'><strong>homini,</strong></span> <span class='ocrx_word' id='word_1_123' title='bbox 1490 1643 1708 1705; x_wconf 88' lang='lat' dir='ltr'><strong>credas</strong></span> <span class='ocrx_word' id='word_1_124' title='bbox 1737 1664 1983 1707; x_wconf 90' lang='lat' dir='ltr'><strong>memor</strong></span> <span class='ocrx_word' id='word_1_125' title='bbox 2010 1643 2179 1706; x_wconf 85' lang='lat' dir='ltr'><strong>illius</strong></span> <span class='ocrx_word' id='word_1_126' title='bbox 2209 1664 2388 1720; x_wconf 85' lang='lat' dir='ltr'><strong>escae,</strong></span> 
     </span>
    </p>

    <p class='ocr_par' dir='ltr' id='par_1_17' title="bbox 763 1751 2386 1945">
     <span class='ocr_line' id='line_1_21' title="bbox 767 1751 2386 1836; baseline -0.004 -16"><span class='ocrx_word' id='word_1_127' title='bbox 767 1756 931 1821; x_wconf 82' lang='lat' dir='ltr'><strong>Quae</strong></span> <span class='ocrx_word' id='word_1_128' title='bbox 959 1753 1226 1836; x_wconf 79' lang='lat' dir='ltr'><strong>simplex</strong></span> <span class='ocrx_word' id='word_1_129' title='bbox 1258 1752 1409 1816; x_wconf 89' lang='lat' dir='ltr'><strong>olim</strong></span> <span class='ocrx_word' id='word_1_130' title='bbox 1440 1751 1562 1816; x_wconf 88' lang='lat' dir='ltr'><strong>tibi</strong></span> <span class='ocrx_word' id='word_1_131' title='bbox 1591 1752 1823 1815; x_wconf 88' lang='lat' dir='ltr'><strong>sederit</strong></span> <span class='ocrx_word' id='word_1_132' title='bbox 1843 1779 1862 1830; x_wconf 69' lang='grc' dir='ltr'><strong><em>ς</em></strong></span> <span class='ocrx_word' id='word_1_133' title='bbox 1912 1760 1979 1814; x_wconf 89' lang='lat' dir='ltr'><strong>at</strong></span> <span class='ocrx_word' id='word_1_134' title='bbox 2009 1752 2200 1815; x_wconf 90' lang='lat' dir='ltr'><strong>simul</strong></span> <span class='ocrx_word' id='word_1_135' title='bbox 2229 1753 2386 1814; x_wconf 88' lang='lat' dir='ltr'><strong>assis</strong></span> 
     </span>
     <span class='ocr_line' id='line_1_22' title="bbox 763 1861 2157 1945; baseline -0.002 -18"><span class='ocrx_word' id='word_1_136' title='bbox 763 1863 1105 1927; x_wconf 89' lang='lat' dir='ltr'><strong>Miscueris</strong></span> <span class='ocrx_word' id='word_1_137' title='bbox 1134 1862 1319 1938; x_wconf 84' lang='lat' dir='ltr'><strong>elixa,</strong></span> <span class='ocrx_word' id='word_1_138' title='bbox 1351 1861 1541 1924; x_wconf 91' lang='lat' dir='ltr'><strong>simul</strong></span> <span class='ocrx_word' id='word_1_139' title='bbox 1571 1861 1904 1945; x_wconf 87' lang='lat' dir='ltr'><strong>conchylia</strong></span> <span class='ocrx_word' id='word_1_140' title='bbox 1931 1861 2157 1939; x_wconf 88' lang='lat' dir='ltr'><strong>turdis,</strong></span> 
     </span>
    </p>

    <p class='ocr_par' dir='ltr' id='par_1_18' title="bbox 762 1970 2751 2172">
     <span class='ocr_line' id='line_1_23' title="bbox 762 1970 2751 2052; baseline -0.002 -16"><span class='ocrx_word' id='word_1_141' title='bbox 762 1973 994 2036; x_wconf 88' lang='lat' dir='ltr'><strong>Dulcia</strong></span> <span class='ocrx_word' id='word_1_142' title='bbox 1023 1993 1089 2036; x_wconf 90' lang='lat' dir='ltr'><strong>se</strong></span> <span class='ocrx_word' id='word_1_143' title='bbox 1119 1973 1188 2034; x_wconf 90' lang='lat' dir='ltr'><strong>in</strong></span> <span class='ocrx_word' id='word_1_144' title='bbox 1214 1972 1409 2034; x_wconf 90' lang='lat' dir='ltr'><strong>bilem</strong></span> <span class='ocrx_word' id='word_1_145' title='bbox 1443 1978 1693 2035; x_wconf 87' lang='lat' dir='ltr'><strong>vertent</strong></span> <span class='ocrx_word' id='word_1_146' title='bbox 1722 1970 2174 2052; x_wconf 80' lang='lat' dir='ltr'><strong>stomachoque</strong></span> <span class='ocrx_word' id='word_1_147' title='bbox 2204 1971 2561 2034; x_wconf 90' lang='lat' dir='ltr'><strong>tumultum</strong></span> <span class='ocrx_word' id='word_1_148' title='bbox 2669 1975 2751 2036; x_wconf 84' lang='lat'><strong>75</strong></span> 
     </span>
     <span class='ocr_line' id='line_1_24' title="bbox 763 2080 2368 2172; baseline -0.001 -27"><span class='ocrx_word' id='word_1_149' title='bbox 763 2083 972 2172; x_wconf 73' lang='lat' dir='ltr'><strong>Lenta</strong></span> <span class='ocrx_word' id='word_1_150' title='bbox 998 2083 1158 2145; x_wconf 88' lang='lat' dir='ltr'><strong>feret</strong></span> <span class='ocrx_word' id='word_1_151' title='bbox 1187 2081 1439 2164; x_wconf 82' lang='lat' dir='ltr'><strong>pituita.</strong></span> <span class='ocrx_word' id='word_1_152' title='bbox 1530 2081 1729 2145; x_wconf 84' lang='lat' dir='ltr'><strong>Vides</strong></span> <span class='ocrx_word' id='word_1_153' title='bbox 1758 2088 1833 2142; x_wconf 88' lang='lat' dir='ltr'><strong>ut</strong></span> <span class='ocrx_word' id='word_1_154' title='bbox 1862 2080 2132 2163; x_wconf 87' lang='lat' dir='ltr'><strong>pallidus</strong></span> <span class='ocrx_word' id='word_1_155' title='bbox 2161 2081 2368 2144; x_wconf 89' lang='lat' dir='ltr'><strong>omnis</strong></span> 
     </span>
    </p>

    <p class='ocr_par' dir='ltr' id='par_1_19' title="bbox 763 2191 2461 2384">
     <span class='ocr_line' id='line_1_25' title="bbox 763 2191 2406 2275; baseline -0.002 -18"><span class='ocrx_word' id='word_1_156' title='bbox 763 2194 939 2258; x_wconf 89' lang='lat' dir='ltr'><strong>Cena</strong></span> <span class='ocrx_word' id='word_1_157' title='bbox 967 2193 1267 2275; x_wconf 85' lang='lat' dir='ltr'><strong>desurgat</strong></span> <span class='ocrx_word' id='word_1_158' title='bbox 1298 2191 1544 2255; x_wconf 81' lang='lat' dir='ltr'><strong>dubia?</strong></span> <span class='ocrx_word' id='word_1_159' title='bbox 1635 2191 1814 2257; x_wconf 82' lang='lat' dir='ltr'><strong>Quin</strong></span> <span class='ocrx_word' id='word_1_160' title='bbox 1844 2211 2071 2273; x_wconf 90' lang='lat' dir='ltr'><strong>corpus</strong></span> <span class='ocrx_word' id='word_1_161' title='bbox 2100 2200 2406 2255; x_wconf 90' lang='lat' dir='ltr'><strong>onustum</strong></span> 
     </span>
     <span class='ocr_line' id='line_1_26' title="bbox 765 2302 2461 2384; baseline -0.002 -17"><span class='ocrx_word' id='word_1_162' title='bbox 765 2303 1105 2367; x_wconf 86' lang='lat' dir='ltr'><strong>Hesternis</strong></span> <span class='ocrx_word' id='word_1_163' title='bbox 1134 2303 1303 2365; x_wconf 85' lang='lat' dir='ltr'><strong>vitiis</strong></span> <span class='ocrx_word' id='word_1_164' title='bbox 1333 2302 1620 2366; x_wconf 91' lang='lat' dir='ltr'><strong>animum</strong></span> <span class='ocrx_word' id='word_1_165' title='bbox 1651 2323 1902 2384; x_wconf 90' lang='lat' dir='ltr'><strong>quoque</strong></span> <span class='ocrx_word' id='word_1_166' title='bbox 1931 2310 2282 2384; x_wconf 84' lang='lat' dir='ltr'><strong>praegravat</strong></span> <span class='ocrx_word' id='word_1_167' title='bbox 2313 2324 2461 2380; x_wconf 85' lang='lat' dir='ltr'><strong>una,</strong></span> 
     </span>
    </p>

    <p class='ocr_par' dir='ltr' id='par_1_20' title="bbox 759 2413 2319 2496">
     <span class='ocr_line' id='line_1_27' title="bbox 759 2413 2319 2496; baseline 0 -20"><span class='ocrx_word' id='word_1_168' title='bbox 759 2416 977 2495; x_wconf 89' lang='lat' dir='ltr'><strong>Atque</strong></span> <span class='ocrx_word' id='word_1_169' title='bbox 1007 2414 1209 2496; x_wconf 87' lang='lat' dir='ltr'><strong>affigit</strong></span> <span class='ocrx_word' id='word_1_170' title='bbox 1236 2414 1435 2476; x_wconf 91' lang='lat' dir='ltr'><strong>humo</strong></span> <span class='ocrx_word' id='word_1_171' title='bbox 1465 2414 1695 2477; x_wconf 88' lang='lat' dir='ltr'><strong>divinae</strong></span> <span class='ocrx_word' id='word_1_172' title='bbox 1724 2413 2100 2496; x_wconf 81' lang='lat' dir='ltr'><strong>particulam</strong></span> <span class='ocrx_word' id='word_1_173' title='bbox 2132 2434 2319 2476; x_wconf 81' lang='lat' dir='ltr'><strong>aurae.</strong></span> 
     </span>
    </p>

    <p class='ocr_par' dir='ltr' id='par_1_21' title="bbox 760 2522 2752 2716">
     <span class='ocr_line' id='line_1_28' title="bbox 760 2522 2752 2605; baseline -0.001 -20"><span class='ocrx_word' id='word_1_174' title='bbox 760 2524 965 2601; x_wconf 85' lang='lat' dir='ltr'><strong>Alter,</strong></span> <span class='ocrx_word' id='word_1_175' title='bbox 998 2525 1110 2588; x_wconf 92' lang='lat' dir='ltr'><strong>ubi</strong></span> <span class='ocrx_word' id='word_1_176' title='bbox 1140 2524 1310 2587; x_wconf 88' lang='lat' dir='ltr'><strong>dicto</strong></span> <span class='ocrx_word' id='word_1_177' title='bbox 1340 2525 1530 2586; x_wconf 88' lang='lat' dir='ltr'><strong>citius</strong></span> <span class='ocrx_word' id='word_1_178' title='bbox 1560 2532 1781 2587; x_wconf 88' lang='lat' dir='ltr'><strong>curata</strong></span> <span class='ocrx_word' id='word_1_179' title='bbox 1809 2522 2019 2605; x_wconf 88' lang='lat' dir='ltr'><strong>sopori</strong></span> <span class='ocrx_word' id='word_1_180' title='bbox 2667 2523 2752 2585; x_wconf 88' lang='lat'><strong>80</strong></span> 
     </span>
     <span class='ocr_line' id='line_1_29' title="bbox 760 2630 2578 2716; baseline 0 -21"><span class='ocrx_word' id='word_1_181' title='bbox 760 2633 1059 2696; x_wconf 87' lang='lat' dir='ltr'><strong>Membra</strong></span> <span class='ocrx_word' id='word_1_182' title='bbox 1089 2631 1280 2709; x_wconf 89' lang='lat' dir='ltr'><strong>dedit,</strong></span> <span class='ocrx_word' id='word_1_183' title='bbox 1315 2640 1576 2715; x_wconf 88' lang='lat' dir='ltr'><strong>vegetus</strong></span> <span class='ocrx_word' id='word_1_184' title='bbox 1605 2632 1972 2716; x_wconf 86' lang='lat' dir='ltr'><strong>praescripta</strong></span> <span class='ocrx_word' id='word_1_185' title='bbox 2001 2630 2081 2694; x_wconf 90' lang='lat' dir='ltr'><strong>ad</strong></span> <span class='ocrx_word' id='word_1_186' title='bbox 2110 2632 2332 2694; x_wconf 87' lang='lat' dir='ltr'><strong>munia</strong></span> <span class='ocrx_word' id='word_1_187' title='bbox 2352 2632 2578 2714; x_wconf 80' lang='lat' dir='ltr'><strong>surgit.</strong></span> 
     </span>
    </p>

    <p class='ocr_par' dir='ltr' id='par_1_22' title="bbox 765 2741 2612 2928">
     <span class='ocr_line' id='line_1_30' title="bbox 765 2741 2612 2825; baseline -0.001 -19"><span class='ocrx_word' id='word_1_188' title='bbox 765 2744 895 2806; x_wconf 90' lang='lat' dir='ltr'><strong>Hic</strong></span> <span class='ocrx_word' id='word_1_189' title='bbox 923 2752 1144 2807; x_wconf 88' lang='lat' dir='ltr'><strong>tamen</strong></span> <span class='ocrx_word' id='word_1_190' title='bbox 1174 2743 1254 2805; x_wconf 89' lang='lat' dir='ltr'><strong>ad</strong></span> <span class='ocrx_word' id='word_1_191' title='bbox 1284 2742 1514 2805; x_wconf 88' lang='lat' dir='ltr'><strong>melius</strong></span> <span class='ocrx_word' id='word_1_192' title='bbox 1543 2742 1779 2825; x_wconf 89' lang='lat' dir='ltr'><strong>poterit</strong></span> <span class='ocrx_word' id='word_1_193' title='bbox 1806 2750 2237 2805; x_wconf 87' lang='lat' dir='ltr'><strong>transcurrere</strong></span> <span class='ocrx_word' id='word_1_194' title='bbox 2268 2741 2612 2825; x_wconf 87' lang='lat' dir='ltr'><strong>quondam,</strong></span> 
     </span>
     <span class='ocr_line' id='line_1_31' title="bbox 765 2851 2258 2928; baseline -0.002 -11"><span class='ocrx_word' id='word_1_195' title='bbox 765 2854 911 2917; x_wconf 87' lang='lat' dir='ltr'><strong>Sive</strong></span> <span class='ocrx_word' id='word_1_196' title='bbox 941 2852 1111 2914; x_wconf 88' lang='lat' dir='ltr'><strong>diem</strong></span> <span class='ocrx_word' id='word_1_197' title='bbox 1141 2851 1374 2915; x_wconf 89' lang='lat' dir='ltr'><strong>festum</strong></span> <span class='ocrx_word' id='word_1_198' title='bbox 1402 2851 1654 2914; x_wconf 90' lang='lat' dir='ltr'><strong>rediens</strong></span> <span class='ocrx_word' id='word_1_199' title='bbox 1684 2851 2002 2914; x_wconf 81' lang='lat' dir='ltr'><strong>advexerit</strong></span> <span class='ocrx_word' id='word_1_200' title='bbox 2033 2872 2258 2928; x_wconf 77' lang='lat' dir='ltr'><strong>annua,</strong></span> 
     </span>
    </p>

    <p class='ocr_par' dir='ltr' id='par_1_23' title="bbox 763 2961 2318 3044">
     <span class='ocr_line' id='line_1_32' title="bbox 763 2961 2318 3044; baseline -0.001 -18"><span class='ocrx_word' id='word_1_201' title='bbox 763 2964 890 3026; x_wconf 89' lang='lat' dir='ltr'><strong>Seu</strong></span> <span class='ocrx_word' id='word_1_202' title='bbox 921 2982 1202 3025; x_wconf 88' lang='lat' dir='ltr'><strong>recreare</strong></span> <span class='ocrx_word' id='word_1_203' title='bbox 1231 2962 1399 3024; x_wconf 86' lang='lat' dir='ltr'><strong>volet</strong></span> <span class='ocrx_word' id='word_1_204' title='bbox 1428 2968 1769 3028; x_wconf 85' lang='lat' dir='ltr'><strong>tenuatum</strong></span> <span class='ocrx_word' id='word_1_205' title='bbox 1801 2982 2049 3043; x_wconf 90' lang='lat' dir='ltr'><strong>corpus,</strong></span> <span class='ocrx_word' id='word_1_206' title='bbox 2080 2961 2318 3044; x_wconf 91' lang='lat' dir='ltr'><strong>ubique</strong></span> 
     </span>
    </p>

    <p class='ocr_par' dir='ltr' id='par_1_24' title="bbox 758 3072 2744 3264">
     <span class='ocr_line' id='line_1_33' title="bbox 758 3072 2744 3137; baseline -0.001 0"><span class='ocrx_word' id='word_1_207' title='bbox 758 3075 1086 3137; x_wconf 89' lang='lat' dir='ltr'><strong>Accedent</strong></span> <span class='ocrx_word' id='word_1_208' title='bbox 1116 3074 1265 3135; x_wconf 89' lang='lat' dir='ltr'><strong>anni</strong></span> <span class='ocrx_word' id='word_1_209' title='bbox 1297 3081 1362 3136; x_wconf 84' lang='lat' dir='ltr'><strong>et</strong></span> <span class='ocrx_word' id='word_1_210' title='bbox 1395 3073 1655 3136; x_wconf 89' lang='lat' dir='ltr'><strong>tractari</strong></span> <span class='ocrx_word' id='word_1_211' title='bbox 1686 3072 1940 3134; x_wconf 89' lang='lat' dir='ltr'><strong>mollius</strong></span> <span class='ocrx_word' id='word_1_212' title='bbox 1971 3080 2125 3136; x_wconf 87' lang='lat' dir='ltr'><strong>aetas</strong></span> <span class='ocrx_word' id='word_1_213' title='bbox 2664 3076 2744 3135; x_wconf 90' lang='lat'><strong>85</strong></span> 
     </span>
     <span class='ocr_line' id='line_1_34' title="bbox 759 3181 2492 3264; baseline -0.001 -18"><span class='ocrx_word' id='word_1_214' title='bbox 759 3184 1093 3247; x_wconf 80' lang='lat' dir='ltr'><strong>Imbecilla</strong></span> <span class='ocrx_word' id='word_1_215' title='bbox 1119 3182 1308 3246; x_wconf 85' lang='lat' dir='ltr'><strong>volet.</strong></span> <span class='ocrx_word' id='word_1_216' title='bbox 1398 3182 1544 3246; x_wconf 86' lang='lat' dir='ltr'><strong>Tibi</strong></span> <span class='ocrx_word' id='word_1_217' title='bbox 1575 3181 1881 3264; x_wconf 89' lang='lat' dir='ltr'><strong>quidnam</strong></span> <span class='ocrx_word' id='word_1_218' title='bbox 1911 3182 2167 3245; x_wconf 88' lang='lat' dir='ltr'><strong>accedet</strong></span> <span class='ocrx_word' id='word_1_219' title='bbox 2191 3183 2271 3245; x_wconf 89' lang='lat' dir='ltr'><strong>ad</strong></span> <span class='ocrx_word' id='word_1_220' title='bbox 2300 3182 2492 3245; x_wconf 89' lang='lat' dir='ltr'><strong>istam</strong></span> 
     </span>
    </p>

    <p class='ocr_par' dir='ltr' id='par_1_25' title="bbox 761 3291 2428 3376">
     <span class='ocr_line' id='line_1_35' title="bbox 761 3291 2428 3376; baseline -0.002 -17"><span class='ocrx_word' id='word_1_221' title='bbox 761 3297 974 3360; x_wconf 78' lang='lat' dir='ltr'><strong>Quam</strong></span> <span class='ocrx_word' id='word_1_222' title='bbox 1006 3313 1163 3376; x_wconf 91' lang='lat' dir='ltr'><strong>puer</strong></span> <span class='ocrx_word' id='word_1_223' title='bbox 1192 3300 1258 3355; x_wconf 90' lang='lat' dir='ltr'><strong>et</strong></span> <span class='ocrx_word' id='word_1_224' title='bbox 1289 3291 1532 3354; x_wconf 87' lang='lat' dir='ltr'><strong>validus</strong></span> <span class='ocrx_word' id='word_1_225' title='bbox 1561 3292 1891 3374; x_wconf 85' lang='lat' dir='ltr'><strong>praesumis</strong></span> <span class='ocrx_word' id='word_1_226' title='bbox 1922 3292 2282 3369; x_wconf 90' lang='lat' dir='ltr'><strong>mollitiem,</strong></span> <span class='ocrx_word' id='word_1_227' title='bbox 2315 3314 2428 3355; x_wconf 90' lang='lat' dir='ltr'><strong>seu</strong></span> 
     </span>
    </p>

    <p class='ocr_par' dir='ltr' id='par_1_26' title="bbox 758 3399 2313 3465">
     <span class='ocr_line' id='line_1_36' title="bbox 758 3399 2313 3465; baseline -0.001 0"><span class='ocrx_word' id='word_1_228' title='bbox 758 3404 940 3465; x_wconf 89' lang='lat' dir='ltr'><strong>Dura</strong></span> <span class='ocrx_word' id='word_1_229' title='bbox 965 3401 1262 3465; x_wconf 85' lang='lat' dir='ltr'><strong>valetudo</strong></span> <span class='ocrx_word' id='word_1_230' title='bbox 1290 3399 1587 3462; x_wconf 90' lang='lat' dir='ltr'><strong>inciderit</strong></span> <span class='ocrx_word' id='word_1_231' title='bbox 1617 3421 1729 3463; x_wconf 90' lang='lat' dir='ltr'><strong>seu</strong></span> <span class='ocrx_word' id='word_1_232' title='bbox 1759 3400 1943 3464; x_wconf 88' lang='lat' dir='ltr'><strong>tarda</strong></span> <span class='ocrx_word' id='word_1_233' title='bbox 1971 3403 2313 3464; x_wconf 82' lang='lat' dir='ltr'><strong>senectus?</strong></span> 
     </span>
    </p>

    <p class='ocr_par' dir='ltr' id='par_1_27' title="bbox 760 3509 2622 3594">
     <span class='ocr_line' id='line_1_37' title="bbox 760 3509 2622 3594; baseline 0.001 -21"><span class='ocrx_word' id='word_1_234' title='bbox 760 3510 1121 3573; x_wconf 90' lang='lat' dir='ltr'><strong>Rancidum</strong></span> <span class='ocrx_word' id='word_1_235' title='bbox 1154 3531 1378 3592; x_wconf 90' lang='lat' dir='ltr'><strong>aprum</strong></span> <span class='ocrx_word' id='word_1_236' title='bbox 1411 3509 1658 3592; x_wconf 88' lang='lat' dir='ltr'><strong>antiqui</strong></span> <span class='ocrx_word' id='word_1_237' title='bbox 1686 3510 2054 3588; x_wconf 88' lang='lat' dir='ltr'><strong>laudabant,</strong></span> <span class='ocrx_word' id='word_1_238' title='bbox 2086 3515 2217 3583; x_wconf 85' lang='lat' dir='ltr'><strong>non</strong></span> <span class='ocrx_word' id='word_1_239' title='bbox 2248 3511 2398 3594; x_wconf 88' lang='lat' dir='ltr'><strong>quia</strong></span> <span class='ocrx_word' id='word_1_240' title='bbox 2428 3533 2622 3575; x_wconf 87' lang='lat' dir='ltr'><strong>nasus</strong></span> 
     </span>
    </p>
   </div>
   <div class='ocr_carea' id='block_1_11' title="bbox 757 3619 2849 3712">
    <p class='ocr_par' dir='ltr' id='par_1_28' title="bbox 757 3619 2849 3712">
     <span class='ocr_line' id='line_1_38' title="bbox 757 3619 2849 3712; baseline 0 -28"><span class='ocrx_word' id='word_1_241' title='bbox 757 3622 898 3685; x_wconf 86' lang='lat' dir='ltr'><strong>Illis</strong></span> <span class='ocrx_word' id='word_1_242' title='bbox 928 3620 1142 3682; x_wconf 89' lang='lat' dir='ltr'><strong>nullus</strong></span> <span class='ocrx_word' id='word_1_243' title='bbox 1173 3627 1333 3698; x_wconf 84' lang='lat' dir='ltr'><strong>erat,</strong></span> <span class='ocrx_word' id='word_1_244' title='bbox 1363 3619 1473 3682; x_wconf 88' lang='lat' dir='ltr'><strong>sed</strong></span> <span class='ocrx_word' id='word_1_245' title='bbox 1503 3620 1692 3683; x_wconf 89' lang='lat' dir='ltr'><strong>credo</strong></span> <span class='ocrx_word' id='word_1_246' title='bbox 1721 3619 1841 3683; x_wconf 88' lang='lat' dir='ltr'><strong>hac</strong></span> <span class='ocrx_word' id='word_1_247' title='bbox 1871 3628 2109 3698; x_wconf 90' lang='lat' dir='ltr'><strong>mente,</strong></span> <span class='ocrx_word' id='word_1_248' title='bbox 2142 3621 2311 3703; x_wconf 91' lang='lat' dir='ltr'><strong>quod</strong></span> <span class='ocrx_word' id='word_1_249' title='bbox 2340 3620 2568 3705; x_wconf 85' lang='lat' dir='ltr'><strong>hospes</strong></span> <span class='ocrx_word' id='word_1_250' title='bbox 2664 3626 2750 3685; x_wconf 90' lang='lat'><strong>90</strong></span> <span class='ocrx_word' id='word_1_251' title='bbox 2826 3700 2849 3712; x_wconf 83' lang='lat'>-</span> 
     </span>
    </p>
   </div>
   <div class='ocr_carea' id='block_1_12' title="bbox 756 3730 2746 4145">
    <p class='ocr_par' dir='ltr' id='par_1_29' title="bbox 756 3730 2746 4145">
     <span class='ocr_line' id='line_1_39' title="bbox 756 3730 2370 3814; baseline -0.001 -19"><span class='ocrx_word' id='word_1_252' title='bbox 756 3731 1023 3796; x_wconf 80' lang='lat' dir='ltr'><strong>Tardius</strong></span> <span class='ocrx_word' id='word_1_253' title='bbox 1054 3730 1393 3792; x_wconf 85' lang='lat' dir='ltr'><strong>adveniens</strong></span> <span class='ocrx_word' id='word_1_254' title='bbox 1422 3730 1720 3792; x_wconf 86' lang='lat' dir='ltr'><strong>vitiatum</strong></span> <span class='ocrx_word' id='word_1_255' title='bbox 1749 3730 2144 3793; x_wconf 79' lang='lat' dir='ltr'><strong>commodius</strong></span> <span class='ocrx_word' id='word_1_256' title='bbox 2176 3752 2370 3814; x_wconf 87' lang='lat' dir='ltr'><strong>quam</strong></span> 
     </span>
     <span class='ocr_line' id='line_1_40' title="bbox 756 3838 2746 3923; baseline -0.001 -19"><span class='ocrx_word' id='word_1_257' title='bbox 756 3844 1093 3923; x_wconf 88' lang='lat' dir='ltr'><strong>Integrum</strong></span> <span class='ocrx_word' id='word_1_258' title='bbox 1123 3839 1281 3903; x_wconf 85' lang='lat' dir='ltr'><strong>edax</strong></span> <span class='ocrx_word' id='word_1_259' title='bbox 1312 3838 1609 3902; x_wconf 87' lang='lat' dir='ltr'><strong>dominus</strong></span> <span class='ocrx_word' id='word_1_260' title='bbox 1640 3848 2061 3902; x_wconf 89' lang='lat' dir='ltr'><strong>consumeret.</strong></span> <span class='ocrx_word' id='word_1_261' title='bbox 2142 3840 2284 3904; x_wconf 91' lang='lat' dir='ltr'><strong>Hos</strong></span> <span class='ocrx_word' id='word_1_262' title='bbox 2302 3840 2550 3904; x_wconf 88' lang='lat' dir='ltr'><strong>utinam</strong></span> <span class='ocrx_word' id='word_1_263' title='bbox 2575 3842 2746 3912; x_wconf 88' lang='lat' dir='ltr'><strong>inter</strong></span> 
     </span>
     <span class='ocr_line' id='line_1_41' title="bbox 757 3947 2718 4031; baseline -0.002 -15"><span class='ocrx_word' id='word_1_264' title='bbox 757 3953 1007 4016; x_wconf 87' lang='lat' dir='ltr'><strong>Heroas</strong></span> <span class='ocrx_word' id='word_1_265' title='bbox 1038 3959 1262 4013; x_wconf 87' lang='lat' dir='ltr'><strong>natum</strong></span> <span class='ocrx_word' id='word_1_266' title='bbox 1289 3949 1481 4012; x_wconf 88' lang='lat' dir='ltr'><strong>tellus</strong></span> <span class='ocrx_word' id='word_1_267' title='bbox 1511 3970 1614 4011; x_wconf 92' lang='lat' dir='ltr'><strong>me</strong></span> <span class='ocrx_word' id='word_1_268' title='bbox 1642 3948 1847 4031; x_wconf 92' lang='lat' dir='ltr'><strong>prima</strong></span> <span class='ocrx_word' id='word_1_269' title='bbox 1874 3949 2126 4013; x_wconf 87' lang='lat' dir='ltr'><strong>tulisset</strong></span> <span class='ocrx_word' id='word_1_270' title='bbox 2151 3950 2166 4012; x_wconf 73' lang='lat' dir='ltr'><strong>l</strong></span> <span class='ocrx_word' id='word_1_271' title='bbox 2713 3947 2718 3953; x_wconf 82' lang='grc'>’</span> 
     </span>
     <span class='ocr_line' id='line_1_42' title="bbox 756 4046 2398 4145; baseline -0.004 -17"><span class='ocrx_word' id='word_1_272' title='bbox 756 4064 888 4128; x_wconf 86' lang='lat' dir='ltr'><strong>Das</strong></span> <span class='ocrx_word' id='word_1_273' title='bbox 918 4061 1158 4145; x_wconf 89' lang='lat' dir='ltr'><strong>aliquid</strong></span> <span class='ocrx_word' id='word_1_274' title='bbox 1189 4061 1397 4137; x_wconf 77' lang='lat' dir='ltr'><strong>famae,</strong></span> <span class='ocrx_word' id='word_1_275' title='bbox 1431 4081 1572 4141; x_wconf 83' lang='lat' dir='ltr'><strong>quae</strong></span> <span class='ocrx_word' id='word_1_276' title='bbox 1602 4060 1882 4122; x_wconf 87' lang='lat' dir='ltr'><strong>carmine</strong></span> <span class='ocrx_word' id='word_1_277' title='bbox 1914 4060 2154 4142; x_wconf 86' lang='lat' dir='ltr'><strong>gratior</strong></span> <span class='ocrx_word' id='word_1_278' title='bbox 2182 4046 2398 4123; x_wconf 81' lang='lat' dir='ltr'><strong>aurem</strong></span> 
     </span>
    </p>
   </div>
   <div class='ocr_carea' id='block_1_13' title="bbox 1212 4231 2319 4294">
    <p class='ocr_par' dir='ltr' id='par_1_30' title="bbox 1212 4231 2319 4294">
     <span class='ocr_line' id='line_1_43' title="bbox 1212 4231 2319 4294; baseline -0.001 -13"><span class='ocrx_word' id='word_1_279' title='bbox 1212 4235 1291 4282; x_wconf 78' lang='lat'><strong>62.</strong></span> <span class='ocrx_word' id='word_1_280' title='bbox 1328 4234 1516 4294; x_wconf 78' lang='lat' dir='ltr'><strong>largus.</strong></span> <span class='ocrx_word' id='word_1_281' title='bbox 1653 4231 1732 4282; x_wconf 83' lang='lat'><strong>65.</strong></span> <span class='ocrx_word' id='word_1_282' title='bbox 1769 4234 1872 4294; x_wconf 88' lang='lat' dir='ltr'><strong>qui.</strong></span> <span class='ocrx_word' id='word_1_283' title='bbox 2009 4232 2087 4283; x_wconf 80' lang='lat'><strong>79.</strong></span> <span class='ocrx_word' id='word_1_284' title='bbox 2123 4234 2319 4294; x_wconf 79' lang='lat' dir='ltr'><strong>affligit.</strong></span> 
     </span>
    </p>
   </div>
  </div>
 </body>
</html>
