3025 4776
375 239 486 293 158
1210 235 1277 309 ρ.
1332 238 1650 296 HORATJ
1697 236 1987 295 FLAocl

807 397 1118 476 Garriret,
1147 398 1341 477 vicos,
1372 399 1601 463 urbem
1629 398 1940 463 laudaret.
2032 401 2130 464 Ut
2157 400 2254 463 illi

804 507 921 569 Nil
949 507 1410 590 respondebam
1436 533 1450 572 ε
1500 508 1741 572 Misere
1772 509 1969 592 cupis,
2002 509 2236 592 inquit,
2269 509 2484 573 abire:

381 640 777 692 n.09.1tp.1⁷.s1.
806 619 847 679 J
852 638 956 678 am
1002 616 1247 680 dudum
1275 616 1460 681 video
1482 642 1501 694 3
1549 616 1659 680 sed
1689 618 1785 680 nil
1815 618 1950 700 agis
1977 642 1992 682 ε
2037 639 2239 700 usque
2268 619 2542 697 tenebo3
2718 621 2800 684 15

805 727 1179 809 Persequar.
1240 727 1419 790 Hinc
1444 747 1573 812 quo
1594 746 1768 788 nunc
1790 726 1916 789 iter
1938 733 2036 790 est
2063 727 2236 790 tibi?
2281 728 2399 791 Nil
2421 748 2579 810 opus
2608 737 2706 791 est
2733 738 2801 791 te

805 836 1170 919 Circumagi
1198 861 1212 900 :
1260 834 1581 918 quendam
1609 836 1754 898 volo
1780 835 1981 899 visere
2011 856 2145 898 non
2174 835 2294 899 tibi
2323 844 2551 905 notum
2574 863 2594 915 3

383 963 475 1005 ena.
497 962 538 1005 s,
559 964 597 1003 2.
617 965 654 1004 3.
674 963 763 1004 239.
803 948 1006 1010 Trans
1034 946 1314 1009 Tiberim
1342 946 1531 1028 longe
1562 944 1754 1008 cubat
1784 944 1860 1022 is,
1893 965 2089 1027 prope
2118 946 2386 1009 Caesaris
2414 945 2658 1010 hortos.

802 1055 919 1119 Nil
947 1054 1152 1118 habeo
1183 1054 1354 1137 quod
1382 1075 1567 1136 agam
1593 1060 1659 1116 et
1681 1075 1812 1119 non
1830 1075 1975 1116 sum
1989 1055 2204 1137 piger:
2236 1077 2440 1138 usque
2463 1076 2690 1139 sequar
2710 1062 2797 1117 te.

802 1162 1095 1226 Demitto
1126 1163 1460 1240 auriculae,
1491 1170 1568 1226 ut
1595 1162 1832 1246 iniquae
1863 1163 2099 1226 mentis
2129 1164 2380 1242 asellus,
2714 1167 2802 1227 20

804 1272 972 1334 Cum
1002 1272 1255 1353 gravius
1284 1270 1471 1334 dorso
1502 1270 1704 1334 subiit
1730 1292 1921 1335 onus.
2007 1272 2247 1354 Incipit
2275 1273 2423 1337 ille:

388 1401 473 1442 νὴ.
496 1401 761 1444 S.1.10.83.
808 1382 880 1444 Si
907 1381 1071 1444 bene
1097 1403 1203 1444 me
1231 1381 1402 1458 novi,
1435 1401 1567 1442 non
1596 1381 1865 1443 Viscum
1895 1381 2096 1462 pluris
2128 1382 2424 1458 amicum,

391 1516 492 1557 ναν.
514 1516 561 1558 o.
583 1518 620 1557 1.
638 1518 677 1557 e.
698 1517 736 1556 1.
805 1492 961 1554 Non
987 1491 1260 1553 Varium
1286 1489 1517 1552 facies:
1565 1510 1715 1551 nam
1747 1489 1888 1571 quis
1918 1510 2022 1551 me
2050 1490 2322 1552 scribere
2350 1491 2567 1572 plures
2657 1551 2672 1560 ,

805 1602 943 1664 Aut
973 1599 1161 1661 citius
1189 1597 1386 1680 possit
1413 1597 1686 1659 versus?
1733 1597 1875 1678 quis
1906 1597 2193 1659 membra
2221 1610 2498 1660 movere·

384 1741 495 1782 Her,
518 1740 559 1782 g,
581 1742 778 1782 1.3.129.
807 1707 1119 1770 Mollius?
1166 1705 1445 1768 invideat
1468 1705 1641 1786 quod
1662 1712 1729 1767 et
1759 1705 2225 1786 Hermogenes,
2258 1726 2376 1786 ego
2407 1711 2623 1769 canto.
2712 1709 2796 1768 25

807 1814 1264 1898 Interpellandi
1290 1814 1469 1878 locus
1499 1813 1604 1876 hic
1635 1821 1770 1877 erat
1800 1839 1814 1877 ε
1860 1815 1981 1876 Est
2009 1813 2130 1877 tibi
2160 1823 2386 1892 mater,
2711 1798 2718 1804 ’

806 1925 1102 2007 Cognati,
1136 1923 1278 2007 quis
1308 1930 1374 1987 te
1403 1924 1576 1987 salvo
1606 1931 1702 1987 est
1731 1924 1941 2007 opus?
2002 1923 2201 1986 Haud
2229 1924 2389 1987 mihi
2419 1923 2752 2007 quisquam
2777 1949 2797 2001 3

807 2036 1051 2118 Omnes
1080 2033 1428 2116 composui.
1517 2034 1759 2096 Felices
1787 2034 1802 2095 1
1851 2054 2026 2096 nunc
2055 2054 2174 2116 ego
2201 2041 2392 2097 resto·

384 2179 489 2221 δώ,
510 2179 591 2230 Bp-
611 2179 675 2221 1⁷.
694 2180 758 2220 23,
808 2143 1103 2208 Confice:
1151 2162 1429 2224 namque
1458 2142 1660 2205 instat
1688 2142 1896 2206 fatum
1925 2143 2085 2205 mihi
2114 2143 2322 2222 triste,
2357 2141 2610 2209 Sabella

810 2252 1006 2318 Quod
1032 2270 1231 2334 puero
1261 2250 1494 2316 cecinit
1526 2250 1740 2315 divina
1767 2258 1945 2314 mota
1973 2273 2134 2314 anus
2163 2274 2369 2316 urna:
2714 2255 2802 2314 30

810 2365 1009 2428 Hunc
1036 2384 1244 2445 neque
1273 2362 1412 2425 dira
1439 2383 1685 2426 venena
1712 2383 1831 2426 nec
1859 2363 2145 2427 hosticus
2175 2363 2415 2427 auferet
2446 2363 2613 2428 ensis

809 2475 953 2538 Nec
981 2475 1254 2535 laterum
1282 2471 1462 2535 dolor
1491 2479 1604 2535 aut
1633 2473 1828 2536 tussis
1857 2493 1976 2536 nec
2006 2474 2190 2536 tarda
2216 2474 2537 2556 podagra3

812 2582 1123 2646 Garrulus
1151 2581 1323 2644 hunc
1353 2580 1608 2663 quando
1637 2590 1968 2645 consumet
1997 2603 2269 2664 cumque
2296 2609 2308 2646 ε
2356 2583 2650 2666 loquaces

814 2694 880 2755 Si
912 2693 1113 2776 sapiat
1141 2693 1321 2770 vitet,
1352 2691 1546 2754 simul
1578 2699 1771 2774 atque
1802 2693 2143 2757 adoleverit
2174 2701 2349 2758 aetaS.

396 2794 774 2882 Vee.c.1.2.16.⁶
810 2808 1099 2871 Ventum
1129 2813 1266 2869 erat
1296 2804 1377 2868 ad
1404 2788 1649 2882 Vestae,
1685 2812 1913 2887 quarta
1934 2805 2082 2887 jam·
2101 2813 2280 2888 parte
2311 2806 2439 2870 diei
2717 2810 2801 2869 35

388 2955 491 2996 naa.
513 2955 553 2994 g,
577 2956 613 2995 1,
635 2956 671 2996 1,
694 2956 755 2997 11,
815 2916 1164 2992 Praeterita,
1195 2923 1261 2978 et
1291 2937 1443 2979 casu
1471 2922 1629 2978 tunc
1658 2915 2040 2998 respondere
2069 2916 2299 3005 radato
2862 2904 2880 2918 ⁶

811 3026 1141 3105 Debebat3
1190 3027 1360 3110 quod
1389 3027 1457 3089 ni
1485 3027 1759 3104 fecisset,
1792 3027 2054 3109 perdere
2082 3028 2284 3091 litem.

388 3166 488 3206 uae.
510 3166 550 3205 S.
571 3167 608 3205 2
628 3167 665 3205 o
687 3168 749 3206 35.
814 3138 886 3200 Si
913 3158 1018 3201 me
1046 3159 1240 3215 amas,
1271 3137 1501 3221 inquit,
1532 3138 1793 3220 paulum
1824 3137 1930 3200 hic
1962 3138 2128 3200 ades.
2220 3140 2545 3202 Inter-eam
2575 3139 2629 3201 si

390 3218 475 3258 Μ’
502 3217 541 3256 S'
562 3218 599 3257 2'
621 3217 657 3255 ι’
676 3218 715 3256 θ’
810 3250 948 3311 Aut
978 3248 1157 3311 valeo
1186 3254 1354 3312 stare
1384 3255 1497 3311 aut
1526 3248 1674 3310 novi
1705 3246 1959 3310 civilia
1934 3268 2124 3329 Jura3
2389 3317 2398 3326 ,

810 3358 899 3420 Et
927 3378 1194 3441 propero
1218 3377 1344 3439 quo
1366 3357 1509 3420 scis.
1572 3355 1824 3419 Dubius
1843 3377 1986 3419 sum
2010 3355 2163 3438 quid
2192 3356 2440 3435 faciam,
2460 3357 2688 3439 inquit,
2714 3358 2801 3419 40

810 3468 983 3530 Tene
1011 3467 1369 3550 relinquam
1400 3487 1482 3528 an
1510 3486 1672 3530 rem.
1761 3465 1896 3544 Me,
1929 3466 2132 3529 sodes.
2224 3468 2376 3530 Non
2400 3466 2650 3544 faciam,
2671 3466 2798 3543 ille,

809 3577 898 3638 Et
925 3576 1276 3658 praecedere
1306 3576 1501 3659 coepit
1523 3602 1542 3653 3
1590 3596 1732 3658 eg0,
1762 3582 1837 3638 ut
1868 3576 2253 3640 contendere
2283 3576 2515 3640 durum
2549 3584 2646 3639 est

812 3688 977 3750 Cum
1005 3687 1265 3764 victore,
1296 3707 1548 3768 sequor.
1639 3687 1964 3749 Maecenas
1995 3686 2313 3768 quomodo
2342 3687 2609 3749 tecum?

813 3796 989 3858 Hinc
1018 3797 1248 3878 repetit
1269 3821 1288 3873 3
1334 3816 1683 3878 paucorum
1701 3795 2036 3859 hominum
2061 3804 2126 3860 et
2149 3796 2385 3859 mentis
2406 3796 2569 3860 bene
2587 3816 2758 3858 sanae
2781 3822 2800 3872 3

811 3908 1025 3970 Nemo
1055 3906 1374 3969 dexterius
1404 3905 1663 3968 fortuna
1692 3911 1787 3967 est
1816 3927 1990 3969 usus.
2081 3906 2373 3970 Haberes
2718 3910 2801 3968 45

814 4018 1132 4100 Magnum
1163 4016 1540 4098 adjutorem,
1571 4022 1786 4097 posset
1816 4016 1927 4098 qui
1955 4016 2121 4080 ferre
2150 4015 2477 4093 secundas,

977 4146 1055 4195 16.
1091 4147 1379 4207 Persequar
1399 4146 1717 4204 hinc‚...tibi,
1748 4145 1853 4210 (Ο.)
2004 4147 2084 4198 27.
2122 4149 2146 4197 Ρ
2170 4150 2397 4208 salvost3
2419 4150 2562 4207 haut,
2589 4149 2644 4197 S.

1360 4214 1440 4258 42.
1479 4212 1501 4258 Ρ
1526 4212 1764 4259 durumst
1790 4232 1803 4270 3
1839 4217 1923 4261 est
1946 4231 2037 4263 om.
2063 4215 2208 4263 MSS.
