3025 4776
1053 341 1624 400 EPISTOLARUM
1682 341 1839 398 LIB.
1894 341 1985 397 II.
2029 340 2089 397 ii.
2667 339 2778 414 241

490 507 657 574 Quae
686 511 990 590 poterunt
1018 526 1329 590 umquam
1359 504 1516 569 satis
1546 524 1897 588 expurgare
1925 503 2174 581 cicutae,

488 618 583 681 Ni
614 617 842 681 melius
872 616 1150 680 dormire
1180 623 1400 699 putem
1431 636 1626 698 quam
1654 614 1928 678 scribere
1957 635 2172 678 versus
2189 614 2219 675 ⁴?
2381 623 2477 665 dor·
2501 623 2542 663 8·
2563 625 2604 664 2-
2623 623 2662 664 1·
2686 624 2726 665 ⁷·

360 731 443 792 55
494 728 762 811 Singula
791 726 870 790 de
900 725 1086 790 nobis
1116 726 1270 789 anni
1298 725 1669 810 praedantur
1698 733 1962 803 euntes3

487 838 797 921 Eripuere
819 838 1023 922 jocos,
1054 836 1400 915 Venerem,
1436 835 1747 913 convivia,
1778 835 2005 898 ludum
2028 862 2047 915 ς

490 945 794 1012 Tendunt
822 956 1203 1030 extorquere
1231 950 1571 1031 poemata,
1618 946 1772 1029 quid
1801 945 2032 1009 faciam
2063 947 2157 1009 vis
2179 947 2209 1009 ?

492 1060 787 1142 Denique
816 1080 948 1123 non
977 1079 1197 1123 omnes
1226 1057 1448 1122 eadem
1478 1057 1796 1120 mirantur
1823 1065 2207 1140 amantque:

494 1170 796 1234 Carmine
823 1177 896 1234 tu
928 1169 1186 1254 gaudes,
1218 1168 1324 1232 hic
1353 1168 1707 1233 delectatur
1733 1168 1986 1246 iambis,
2381 1169 2486 1212 ³⁰¹⁸·-
2508 1170 2558 1211 Β·
2581 1171 2617 1211 ¹·
2640 1171 2700 1209 ¹⁹·
2714 1172 2780 1211 ²³·

365 1282 452 1344 60
496 1281 618 1345 Ille
646 1280 909 1345 Bioneis
938 1280 1340 1345 sermonibus
1368 1286 1435 1344 et
1464 1279 1596 1342 sale
1625 1279 1832 1361 nigro.
2382 1288 2468 1330 σοι·
2489 1287 2531 1329 S·
2551 1288 2589 1329 ¹·
2610 1287 2672 1329 1⁰·
2691 1289 2731 1329 ³·

494 1395 648 1458 Tres
676 1393 838 1457 mihi
867 1393 1144 1458 convivae
1173 1413 1367 1477 prope
1396 1391 1731 1455 dissentire
1759 1391 2078 1470 videntur,

494 1505 842 1568 Poscentes
872 1504 1045 1568 vario
1075 1503 1355 1566 multum
1385 1501 1632 1566 diversa
1661 1501 1894 1585 palato.

494 1614 671 1682 Quid
700 1615 848 1679 dem
869 1617 899 1678 ⁴?
948 1613 1103 1698 quid
1131 1635 1264 1678 non
1292 1613 1490 1677 dem?
1539 1612 1756 1675 renuis
1808 1620 1903 1690 tu,
1954 1612 2127 1695 quod
2169 1613 2358 1697 jubet

797 1724 958 1788 alter
978 1750 998 1803 ;
2145 1797 2150 1802 .

496 1833 690 1901 Quod
717 1834 903 1918 petis,
936 1834 1001 1898 id
1031 1855 1184 1899 sane
1214 1843 1311 1899 est
1340 1834 1618 1899 invisum
1649 1835 2030 1920 acidumque
2060 1837 2327 1904 duobus·

368 1946 451 2007 65
498 1945 740 2009 Praeter
768 1952 1000 2024 cetera,
1027 1965 1136 2008 me
1167 1945 1476 2010 Romaene
1505 1949 1809 2029 poemata
1838 1968 2056 2012 censes

499 2055 788 2120 Scribere
815 2077 999 2140 posse
1027 2056 1195 2122 inter
1224 2063 1324 2120 tot
1352 2077 1537 2120 curas
1565 2064 1793 2140 totque
1820 2058 2069 2123 labores
2090 2059 2121 2122 ?

499 2167 630 2232 Hic
660 2189 963 2252 sponsum
995 2175 1198 2246 vocat,
1231 2167 1339 2232 hic
1370 2168 1662 2233 auditum
1693 2168 1930 2254 scripta
1958 2172 2197 2235 relictis
2386 2191 2482 2232 ⁸1⁹⁰-
2505 2180 2546 2221 8·
2567 2181 2606 2221 2·
2624 2182 2664 2222 ⁶·
2686 2181 2750 2220 τι

496 2279 816 2343 Omnibus
845 2278 1067 2344 officiis
1087 2304 1108 2358 3
1156 2279 1351 2343 cubat
1381 2279 1486 2342 hic
1517 2280 1588 2343 in
1617 2280 1776 2344 colle
1809 2281 2088 2360 Quirini,
2390 2281 2483 2323 Μ·
2505 2280 2605 2372 &33
2625 2282 2664 2371 ἓ
2684 2282 2775 2372 335·

498 2390 628 2455 Hic
657 2400 942 2455 extremo
970 2390 1041 2453 in
1069 2391 1413 2464 Aventino,
1444 2391 1744 2455 visendus
1786 2400 2056 2475 uterque
2079 2419 2099 2472 ς

371 2503 454 2565 70
498 2500 844 2564 Intervalla
873 2501 1045 2565 vides
1075 2501 1357 2565 humane
1387 2501 1744 2565 commoda.
1833 2503 2081 2566 Verum

415 2606 422 2613 ’
496 2611 686 2675 Purae
713 2618 865 2674 sunt
893 2610 1140 2694 plateae,
1172 2611 1335 2675 nihil
1363 2619 1439 2674 ut
1468 2612 1927 2677 meditantibus
1955 2612 2188 2679 obstet.

500 2721 788 2785 Festinat
818 2721 1060 2786 calidus
1090 2722 1281 2786 mulis
1311 2722 1674 2806 gerulisque
1712 2724 2097 2809 redemptor,
2391 2761 2484 2803 rea.
2506 2758 2664 2802 021,
2684 2763 2749 2802 35,

497 2830 779 2912 Torquet
807 2850 981 2894 nunc
1008 2829 1306 2914 lapidem,
1333 2852 1503 2895 nunc
1522 2831 1747 2915 ingens
1766 2832 2066 2897 machina
2082 2834 2359 2918 tignum,

498 2942 732 3006 Tristia
758 2941 1036 3006 robustis
1065 2942 1402 3007 luctantur
1417 2943 1659 3007 funera
1685 2944 2009 3028 plaustris,
2393 2984 2454 3027 ⁷4·
2476 2975 2517 3016 s,
2541 2976 2576 3016 ι,
2595 2977 2633 3015 0.
2654 2976 2719 3017 42,

372 3054 451 3115 75
501 3052 646 3116 Hac
675 3053 927 3117 rabiosa
953 3053 1123 3137 fugit
1153 3053 1348 3132 canis,
1382 3052 1502 3117 hac
1531 3054 1853 3118 lutulenta
1880 3056 2012 3119 ruit
2041 3078 2186 3120 sus:

498 3163 533 3227 Ι
564 3184 738 3226 nunc
768 3171 835 3227 et
862 3184 1081 3227 versus
1109 3172 1326 3227 tecum
1356 3163 1669 3228 meditare
1700 3184 1984 3230 canoros.

501 3273 897 3358 Scriptorum
923 3272 1155 3337 chorus
1178 3274 1386 3338 omnis
1404 3282 1580 3337 amat
1599 3295 1827 3337 nemus
1845 3284 1910 3339 et
1928 3275 2095 3359 fugit
2113 3276 2359 3354 urbem,

499 3385 652 3448 Rite
681 3385 879 3449 cliens
908 3384 1151 3449 Bacchi
1180 3405 1406 3449 somno
1437 3384 1777 3468 gaudentis
1807 3394 1874 3450 et
1902 3385 2168 3452 umbra:
2392 3385 2453 3433 ⁷⁸·
2476 3382 2522 3422 C·
2540 3384 2580 3473 ᾗ·
2599 3382 2722 3474 3⁵1}

497 3494 596 3558 Tu
626 3517 729 3559 me
758 3494 927 3559 inter
956 3494 1262 3578 strepitus
1286 3502 1646 3567 ,nocturnos
1676 3502 1869 3577 atque
1899 3495 2162 3561 diurnos

369 3609 454 3670 80
497 3608 617 3671 Vis
647 3628 872 3672 canere
901 3614 967 3671 et
997 3614 1327 3671 contracta
1354 3607 1535 3690 sequi
1563 3607 1834 3691 vestigia
1861 3618 2081 3672 vatum
2100 3609 2131 3672 ?

499 3718 868 3802 Ingenium,
900 3717 1023 3782 sibi
1055 3717 1226 3802 quod
1256 3738 1485 3781 vacuas
1516 3717 1872 3802 desumpsit
1899 3719 2209 3800 Athenas,

496 3830 587 3893 Et
614 3828 844 3892 studiis
873 3849 1074 3892 annos
1102 3837 1349 3913 septem
1380 3827 1557 3893 dedit
1588 3829 1998 3912 insenuitque

498 3939 712 4005 Libris
741 3948 808 4004 et
834 3938 1024 4018 curis,
1057 3947 1274 4003 statua
1300 3939 1686 4003 taciturnius
1714 3941 1847 4005 exit

382 4102 387 4108 ,
497 4051 885 4133 Plerumque
915 4058 982 4114 et
1015 4050 1149 4114 risu
1179 4050 1482 4133 populum
1517 4050 1728 4133 quatit
1751 4078 1771 4129 3
1818 4051 1927 4115 hic
1956 4073 2077 4136 ego
2104 4074 2319 4120 rerum
2707 4124 2719 4137 ‚

368 4165 450 4226 85
501 4160 830 4227 Fluctibus
859 4160 927 4224 in
957 4160 1184 4225 mediis
1212 4167 1279 4223 et
1309 4161 1799 4244 tempestatibus
1827 4163 2004 4226 urbis
2380 4175 2464 4225 fia.
2485 4175 2537 4219 Ε·
2558 4176 2593 4217 1·
2615 4175 2653 4218 1·
2675 4176 2737 4218 10-

928 4336 1009 4384 64.
1042 4334 1284 4385 ?sanest.
1417 4336 1499 4385 80.
1540 4339 1800 4387 contacta.
