3025 4776
1079 344 1524 402 CARMINUM
1595 344 1748 401 LIB.
1791 344 1843 401 I.
1888 344 1964 400 iv.
2731 351 2760 403 5

590 508 720 577 Qui
748 496 911 571 vidi‘t
943 528 1124 573 mare
1152 508 1486 590 turgidum
1517 515 1585 573 et

336 625 429 685 20
682 619 968 684 Infames
999 620 1294 703 scopulos
1322 619 1796 684 Acroceraunia
1812 620 1842 681 Ρ

594 729 1008 814 Nequiquam
1038 730 1216 793 Deus
1247 729 1525 794 abscidit

676 840 970 907 Prudens
1001 842 1261 905 Oceano
1290 840 1678 905 dissociabili
2354 873 2491 924 pm,
2513 873 2560 916 ο,
2581 875 2752 917 wazo.

595 952 840 1030 Terras,
871 950 926 1014 si
957 958 1178 1014 tamen
1205 950 1420 1035 impiae

676 1063 833 1127 Non
861 1060 1186 1144 tangenda
1212 1068 1384 1125 rates
1412 1061 1786 1127 transiliunt
1816 1063 1995 1127 vada.

340 1176 425 1236 25
593 1172 824 1237 Audax
852 1171 1073 1235 omnia
1101 1171 1350 1255 perpeti

682 1285 857 1348 Gens
880 1284 1168 1346 humana
1194 1283 1330 1346 ruit
1358 1304 1472 1368 per
1498 1282 1775 1359 vetitum
1803 1283 2001 1348 nefas.

595 1395 825 1460 Audax
852 1395 1063 1477 Iapeti
1092 1415 1295 1477 genus
2359 1430 2421 1471 27.
2442 1420 2489 1461 o.
2509 1421 2586 1460 21

680 1508 910 1590 Ignem
938 1505 1162 1569 fraude
1191 1504 1363 1569 mala
1392 1504 1693 1589 gentibus
1720 1506 1980 1572 intulit:
2425 1472 2505 1523 Ep‘
2525 1472 2546 1510 ¹

595 1620 750 1682 Post
778 1619 996 1701 ignem
1026 1616 1289 1681 aetheria
1317 1616 1510 1680 domo

335 1732 426 1792 30
678 1728 1106 1813 Subductum,
1138 1727 1386 1791 Macies
1415 1734 1482 1791 et
1509 1748 1677 1791 nova
1705 1727 2009 1792 Febrium

599 1839 807 1903 Terris
836 1838 1136 1902 incubuit
1164 1837 1409 1916 cohors,

682 1950 1054 2033 Semotique
1082 1949 1256 2043 prius
1285 1948 1474 2012 tarda
1505 1950 1848 2015 necessitas

600 2061 743 2126 Leti
774 2060 1083 2144 corripuit
1111 2060 1400 2143 gradum.

682 2172 1008 2253 Expertus
1034 2190 1307 2233 vacuum
1336 2170 1637 2235 Daedalus
1668 2176 1813 2236 aera

340 2287 424 2347 35
601 2281 835 2347 Pennis
863 2302 996 2345 non
1023 2281 1273 2345 homini
1302 2281 1506 2360 datis3

683 2391 983 2477 Perrupit
1012 2390 1383 2455 Acheronta
1416 2392 1774 2458 Herculeus
1801 2395 1997 2460 labor.

598 2503 716 2567 Nil
747 2503 1125 2568 mortalibus
1154 2501 1398 2565 arduist
1418 2527 1439 2580 3

687 2591 937 2688 Offilum
965 2613 1175 2697 ipsum
1205 2613 1487 2697 petimus
1518 2614 1817 2694 stultitia,
1847 2638 2054 2700 neque

520 2727 525 2732 ’
610 2725 733 2788 Per
758 2732 1053 2788 nostrum
1082 2725 1368 2807 patimur
1394 2724 1602 2788 scelus

344 2840 433 2901 40
693 2835 1011 2900 Iracunda
1040 2836 1083 2899 J
1085 2857 1268 2901 ovem
1298 2855 1533 2919 ponere
1559 2836 1853 2901 fulmina.

1296 3217 1422 3282 IV.

478 3355 811 3420 Sonvrrua
840 3355 1002 3420 acris
1031 3355 1290 3440 hiemps
1319 3362 1504 3438 grata
1532 3354 1667 3419 vioe
1695 3353 1859 3419 veris
1887 3359 1954 3418 et
1981 3354 2241 3435 Favoni,
2367 3373 2402 3401 ι.
2432 3355 2655 3450 offis-11.

565 3465 986 3549 'trahuntque
1015 3466 1213 3530 siccas
1243 3465 1557 3530 machinae
1587 3465 1852 3530 carinas.

474 3578 578 3640 Ac
604 3597 809 3659 neque
831 3577 971 3661 jam
1000 3577 1267 3642 stabulis
1297 3576 1534 3660 gaudet
1562 3597 1774 3660 pecus,
1797 3584 1911 3640 aut
1933 3583 2145 3642 arator
2163 3578 2336 3662 igni3

563 3688 709 3751 Nec
734 3695 917 3771 prata
947 3689 1120 3752 canis
1151 3687 1432 3751 albicant
1459 3688 1725 3772 pruinis.

389 3802 428 3862 5
477 3800 521 3864 J
523 3820 628 3862 am
659 3799 979 3881 Cytherea
1006 3798 1234 3864 choros
1263 3798 1443 3863 ducit
1464 3800 1705 3878 Venus,
1731 3797 2109 3863 imminente
2128 3799 2340 3878 Luna,

566 3910 609 3973 J
612 3917 954 3992 unctaeque
984 3909 1310 3994 Nymphis
1341 3908 1586 3975 Gratiae
1615 3909 1913 3975 decentes
2369 3935 2407 3976 ο.
2428 3933 2477 3974 o.
2497 3933 2536 3973 a.
2556 3933 2594 3973 s.
2615 3930 2679 3971 14.

474 4019 753 4085 Alterno
781 4027 1020 4090 terram
1051 4021 1353 4104 quatiunt
1370 4020 1549 4104 pede,
1569 4020 1723 4084 dum
1747 4041 1967 4105 graves
1990 4020 2345 4105 Cyclopum
2372 4041 2705 4096 7.o.s.13.1o.

534 4219 543 4222 L
566 4131 692 4194 Vol
700 4152 899 4194 canus
927 4130 1153 4195 ardens
1181 4131 1312 4194 urit
1341 4131 1643 4196 officinas.

484 4293 566 4341 19.
600 4291 891 4341 turbidum.
1021 4292 1100 4339 35.
1137 4292 1324 4354 pinnis,
1352 4294 1415 4340 K.
1552 4292 1632 4342 37.
1667 4295 1832 4352 ardui,
1856 4294 2091 4355 arduum,
2114 4294 2214 4341 est.

887 4359 931 4405 1.
966 4357 1147 4406 hiems.
1281 4360 1327 4407 8.
1369 4360 1658 4417 Vulcanus;
1695 4361 1834 4409 visit.
