3025 4776
347 281 461 336 162

347 685 443 727 due.
465 685 507 728 S.
528 687 565 729 l.
585 689 623 729 4.
642 690 680 729 9.

343 1707 431 1738 rec.
457 1697 507 1737 A.
534 1696 577 1737 P.
599 1697 686 1748 44⁷.-

342 2250 403 2292 ⁷⁴-
424 2241 475 2282 Β.
496 2242 532 2282 1.
556 2242 616 2282 19.
636 2243 702 2283 34.

341 2356 426 2399 dfe.
447 2357 497 2398 E.
521 2359 616 2401 2.1.
636 2358 700 2401 71.
720 2358 739 2410 ξ

340 2484 435 2525 equ.
457 2474 566 2526 Ε.”,2.
589 2476 625 2517 1.
646 2476 735 2517 185.

335 2996 434 3039 Pto.
456 2998 498 3039 S.
519 2998 554 3039 1.
576 3001 613 3040 5.
634 3002 696 3042 4⁰.

345 3113 437 3153 ναὶ.
455 3113 501 3154 C.
521 3115 557 3154 2.
579 3116 616 3156 9.

336 3228 439 3268 Fue.
461 3228 501 3268 S.
525 3229 559 3268 1.
581 3232 619 3269 θ.
639 3230 702 3271 61.

335 3342 446 3382 amb.
470 3342 510 3384 S.
533 3346 569 3384 1.
589 3347 626 3384 6.
648 3346 710 3386 52.

333 3561 429 3590 can.
451 3550 501 3590 Ε.
524 3552 559 3590 1.
580 3552 617 3590 4.
639 3552 677 3592 1.

320 3783 426 3824 pru.
449 3773 499 3814 Α.
519 3774 567 3815 Ρ.
588 3776 675 3817 462.

921 281 986 354 ρ.
1028 280 1348 339 HORATJ
1377 281 1666 339 FLAooz
1716 282 1878 342 ΒΑΓ.
1938 280 1992 340 1.
2050 281 2130 342 ix.

770 437 1132 508 Versiculos
1161 451 1396 508 natura
1422 445 1629 528 magis
1657 445 1860 510 factos
1889 454 1955 510 et
1984 455 2209 511 euntes

768 555 1035 620 Mollius
1061 578 1136 620 ac
1165 557 1392 640 si‘quis
1419 557 1689 640 pedibus
1721 558 1874 640 quid
1904 559 2196 623 claudere
2226 561 2416 639 seniS,

769 664 917 728 Hoc
945 673 1203 729 tantum
1232 674 1594 746 contentus,
1627 676 1797 731 amet
1827 670 2150 752 scripsisse
2179 671 2489 734 ducentos
2679 677 2766 736 60

767 779 944 841 Ante
974 778 1189 841 cibum
1216 773 1454 858 i'ersus,
1485 779 1757 842 totidem
1787 789 2050 845 cenatus
2071 806 2091 858 ;
2137 783 2397 847 Etrusci

771 889 979 955 Quale
1007 889 1134 953 fuit
1163 891 1346 955 Cassi
1372 891 1595 974 rapido
1622 890 1972 955 ferventius
2003 893 2179 955 amni

768 1000 1134 1083 Ingenium,
1167 1001 1371 1084 capsis
1403 1022 1595 1084 quem
1625 1001 1798 1064 fama
1826 1009 1924 1065 est
1952 1024 2086 1065 esse
2112 1003 2419 1086 librisque

766 1110 1157 1180 Ambustum
1187 1111 1476 1193 propriis.
1568 1112 1789 1175 Fuerit
1820 1112 2128 1190 Lucilius,
2158 1112 2444 1194 inquam,

769 1220 984 1282 Comis
1016 1227 1081 1282 et
1110 1219 1410 1298 urbanus,
1442 1220 1637 1282 fuerit
1665 1221 1947 1284 limatior
1984 1221 2157 1284 idem
2678 1225 2760 1284 65

769 1331 982 1395 Quam
1012 1331 1187 1393 rudis
1217 1338 1282 1394 et
1314 1331 1556 1395 Graecis
1587 1330 1814 1393 intacti
1845 1332 2141 1395 carminis
2170 1340 2415 1409 auctor,

769 1441 1110 1522 Quamque
1138 1443 1468 1522 poetarum
1499 1440 1822 1502 seniorum
1852 1441 2043 1503 turba
2061 1466 2082 1516 5
2130 1441 2242 1504 sed
2268 1441 2396 1517 ille,

770 1550 840 1610 Si
869 1549 1033 1611 foret
1062 1548 1185 1610 hoc
1212 1557 1505 1610 nostrum
1535 1548 1670 1610 fato
1702 1548 1938 1610 dilatus
1966 1549 2033 1610 in
2064 1570 2292 1626 aevum,

767 1662 1104 1724 Detereret
1132 1662 1251 1723 sibi
1282 1661 1506 1736 multa,
1539 1660 1848 1723 recideret
1879 1682 2069 1723 omne
2101 1663 2273 1744 quod
2301 1663 2472 1725 ultra

764 1771 1131 1835 Perfectum
1159 1769 1539 1847 traheretur,
1572 1777 1637 1831 et
1664 1769 1735 1830 in
1763 1790 1948 1831 versu
1976 1769 2269 1833 faciendo
2676 1778 2762 1836 70

768 1884 948 1963 Saepe
978 1888 1168 1963 caput
1196 1879 1500 1956 scaberet,
1532 1880 1705 1943 vivos
1734 1887 1800 1943 et
1829 1879 2081 1942 roderet
2113 1902 2382 1962 ungues.

767 1993 948 2073 Saepe
977 1990 1199 2051 stilum
1226 1997 1434 2052 vertas
1463 1989 1696 2053 iterum
1731 2011 1871 2071 quae
1900 1989 2097 2072 digna
2122 1990 2249 2070 legi
2280 1990 2409 2052 sint

765 2100 1152 2183 Scripturus,
1183 2120 1389 2181 neque
1418 2107 1484 2162 te
1515 2107 1591 2161 ut
1620 2099 1891 2162 miretur
1919 2099 2111 2162 turba
2138 2099 2408 2176 labores,

764 2213 1121 2275 Contentus
1149 2209 1369 2292 paucis
1397 2208 1763 2272 lectoribus.
1853 2210 1962 2271 An
1991 2215 2107 2271 tua
2135 2208 2395 2271 demens
2648 2293 2666 2302 ἱ

761 2320 1016 2385 Vilibus
1045 2320 1114 2383 in
1143 2320 1309 2382 ludis
1339 2319 1566 2382 dictari
1596 2319 1881 2383 carmina
1909 2321 2145 2383 malis?
2647 2327 2709 2409 ,7
2715 2326 2755 2384 5

761 2434 917 2497 Non
947 2454 1065 2516 ego
1090 2459 1104 2496 :
1150 2453 1303 2495 nam
1334 2432 1487 2494 satis
1518 2437 1616 2493 est
1634 2432 1916 2513 equitem
1934 2431 2094 2494 mihi
2113 2431 2427 2514 plaudere,
2454 2439 2528 2494 ut
2553 2433 2755 2494 audax

761 2542 1163 2624 Contemptis
1193 2541 1332 2603 aliis
1361 2540 1616 2623 explosa
1645 2538 2006 2603 Arbuscula
2035 2541 2214 2604 dixit.

760 2653 921 2714 Men
949 2657 1201 2714 moveat
1230 2650 1435 2713 cimex
1465 2649 1804 2726 Pantilius,
1837 2657 1950 2713 aut
1979 2650 2221 2712 cruciet
2254 2649 2424 2732 quod

759 2761 1033 2823 Vellicet
1060 2761 1389 2824 absentem
1419 2760 1811 2837 Demetrius,
1844 2768 1956 2822 aut
1989 2759 2159 2840 quod
2185 2759 2441 2842 ineptus

758 2872 1040 2936 Fannius
1072 2871 1498 2953 Hermogenis
1528 2871 1720 2934 laedat
1750 2871 2013 2934 conviva
2042 2870 2317 2953 Tigelli?
2667 2872 2755 2933 80

758 2982 1006 3045 Plotius
1037 2989 1101 3043 et
1129 2981 1386 3057 VariuS,
1420 2980 1743 3043 Maecenas
1772 2979 2233 3061 Virgiliusque,

755 3091 1027 3172 Valgius
1057 3098 1122 3154 et
1151 3090 1377 3173 probet
1404 3090 1541 3152 haec
1571 3089 1895 3161 OctaviuS‚
1928 3090 2209 3171 optimus
2240 3096 2431 3171 atque

756 3203 1000 3265 Fuscus
1029 3207 1095 3262 et
1123 3200 1261 3263 haec
1291 3201 1541 3262 utinam
1569 3199 1911 3261 Viscorum
1939 3198 2159 3261 laudet
2199 3208 2490 3281 uterque.

754 3311 1130 3375 Ambitione
1158 3311 1440 3392 relegata
1468 3317 1536 3373 te
1566 3309 1774 3372 dicere
1803 3330 2082 3391 possum,

754 3421 980 3499 Pollio,
1014 3429 1101 3500 te,
1133 3421 1455 3497 Messalla,
1486 3428 1601 3483 tuo
1632 3441 1782 3482 cum
1810 3418 2007 3482 fratre
2037 3419 2357 3502 simulque
2663 3424 2746 3484 85

754 3533 909 3609 Vos,
944 3532 1174 3596 Bibule
1203 3540 1269 3594 et
1303 3531 1501 3609 Servi,
1536 3530 1728 3594 simul
1755 3530 1857 3592 his
1886 3538 1973 3608 te,
2006 3531 2270 3593 candide
2303 3532 2524 3607 Furni,

756 3643 1131 3725 Complures
1162 3643 1342 3719 alios,
1374 3642 1596 3705 doctos
1626 3663 1745 3724 ego
1778 3661 1935 3723 quos
1966 3636 2032 3703 ‘et
2061 3641 2298 3703 amicos

755 3752 1045 3816 Prudens
1075 3760 1380 3835 praetereo
1404 3778 1422 3829 3
1472 3752 1703 3834 quibus
1732 3752 1890 3827 haec,
1923 3758 2077 3814 sunt
2108 3750 2589 3834 qualiacunque,

750 3864 1050 3926 Arridere
1081 3863 1290 3941 velim,
1323 3862 1637 3925 doliturus
1669 3861 1724 3924 si
1754 3862 2047 3944 placeant
2077 3882 2186 3945 spe

749 3974 1051 4037 Deterius
1079 3981 1319 4036 nostra.
1413 3972 1727 4051 Demetri,
1758 3981 1972 4055 teque,
2003 3972 2257 4055 Tigelli,
2663 3974 2749 4037 90

750 4082 1222 4166 Discipularum
1252 4084 1422 4147 inter
1442 4083 1643 4165 jubeo
1674 4083 1919 4165 plorare
1950 4082 2303 4146 cathedras.

748 4193 807 4268 1,
840 4213 1015 4275 puer,
1050 4202 1241 4276 atque
1270 4216 1414 4256 meo
1445 4194 1612 4255 citus
1641 4194 1778 4256 haec
1811 4193 2134 4257 subscribe
2164 4192 2398 4255 libello.

1316 4327 1394 4375 63.
1436 4326 1686 4374 ?samast.
1823 4328 1902 4374 88.
1940 4328 2060 4373 sint.
