3025 4776
312 319 419 373 154

306 1620 398 1661 eya.
419 1608 467 1651 o,
487 1609 525 1651 ³.
545 1610 584 1649 s.
604 1609 666 1650 13.

1158 313 1225 386 ρ.
1268 312 1588 370 HORATI
1617 311 1906 371 FLAOOI

729 475 982 540 Obiciet
1011 496 1201 539 nemo
1229 475 1446 540 sordes
1472 475 1656 554 mihi,
1691 497 1848 559 quas
1875 474 2016 554 tibi,
2046 475 2216 553 Tilli,

728 588 897 651 Cum
929 587 1193 651 Tiburte
1221 586 1324 650 via
1348 593 1687 670 praetorem
1719 588 2002 671 quinque
2030 594 2389 669 sequuntur

726 699 816 762 Te
844 697 1048 781 pueri,
1077 697 1369 760 lasanum
1398 704 1728 781 portantes
1759 697 2325 782 oenophorumque,

728 808 876 872 Hoc
905 829 1025 891 ego
1054 808 1449 872 commodius
1479 829 1672 890 quam
1699 815 1797 886 tu,
1828 809 2129 892 praeclare
2158 814 2435 886 senator,
2593 809 2623 869 1
2636 810 2719 870 10

726 918 1000 982 Milibus
1030 925 1222 1001 atque
1250 918 1389 981 aliis
1418 918 1581 982 vivo,
1672 919 2099 1001 Quacumque
2125 916 2330 982 libido
2359 924 2480 996 est,

730 1028 973 1092 Inoedo
1001 1028 1191 1105 solus,
1225 1033 1564 1110 percontor
1590 1029 1814 1111 quanti
1841 1027 1982 1092 olus
2013 1048 2086 1090 ac
2114 1027 2252 1106 far3

727 1140 1046 1202 Fallacem
1077 1139 1337 1204 Circum
1364 1139 1918 1222 vespertinumque
1946 1159 2205 1221 pererro

729 1251 910 1334 Saepe
938 1250 1172 1328 forum,
1204 1249 1428 1313 assisto
1457 1248 1710 1328 divinis,
1741 1248 1891 1312 inde
1919 1248 2185 1312 domum
2212 1269 2318 1312 me

726 1358 834 1422 Ad
862 1360 1032 1441 porri
1062 1366 1130 1422 et
1157 1359 1378 1422 ciceris
1405 1359 1609 1423 refero
1637 1358 1977 1442 laganique
2007 1359 2329 1436 catinum3
2595 1358 2716 1418 115

728 1470 905 1533 Cena
932 1468 1337 1532 ministratur
1363 1470 1576 1552 pueris
1602 1470 1831 1547 tribus,
1865 1476 1933 1533 et
1960 1471 2121 1554 lapis
2151 1469 2332 1533 albus

728 1578 971 1641 Pocula
998 1598 1146 1640 cum
1176 1579 1408 1663 cyatho
1438 1578 1568 1642 duo
1596 1579 1892 1657 sustinet,
1924 1580 2138 1644 adstat
2166 1580 2432 1643 echinus

723 1687 914 1765 Vilis,
946 1706 1094 1750 cum
1123 1694 1345 1769 patera
1373 1695 1618 1768 guttus,
1651 1691 1977 1771 Campana
2005 1688 2305 1771 supellex.

726 1795 976 1861 Deinde
1006 1817 1082 1860 eo
1113 1795 1461 1859 dormitum
1490 1817 1621 1860 non
1651 1797 1978 1876 sollicitus,
2010 1797 2171 1860 mihi
2202 1797 2372 1880 quod
2408 1817 2547 1860 cras

729 1904 1136 1988 Sul-gendum
1165 1904 1251 1968 sit
1279 1926 1487 1983 mane,
1519 1904 1852 1970 obeundus
1880 1906 2167 1990 Marsya,
2199 1907 2311 1990 qui
2349 1927 2417 1971 se
2595 1908 2719 1970 120

723 2016 991 2080 Voltum
1025 2016 1189 2080 ferre
1216 2022 1412 2098 negat
1439 2015 1799 2080 Noviorum
1830 2037 2010 2100 posse
2037 2015 2327 2081 minoris·

733 2127 840 2193 Ad
870 2135 1165 2211 quartam
1183 2127 1410 2211 jace03
1456 2134 1601 2210 post
1628 2126 1798 2190 hanc
1824 2147 2060 2210 vagor3
2108 2135 2223 2191 aut
2250 2148 2368 2210 ego
2394 2127 2562 2191 lecto

724 2241 865 2303 Aut
893 2238 1131 2321 scripto
1162 2236 1331 2319 quod
1360 2257 1465 2301 me
1493 2236 1766 2300 tacitum
1788 2237 1992 2320 juvet,
2024 2259 2232 2320 ungor
2269 2238 2457 2318 olim,

723 2351 880 2416 Non
910 2371 1037 2433 quo
1063 2349 1373 2414 fraudatis
1402 2349 1773 2415 immundus
1800 2351 2008 2415 Natta
2033 2351 2331 2417 lucernis.

723 2463 849 2527 Ast
878 2461 988 2525 ubi
1016 2482 1121 2526 me
1150 2461 1389 2525 fessum
1420 2462 1512 2525 sol
1545 2462 1747 2525 acrior
1775 2463 1868 2526 ire
1896 2463 2184 2526 lavatum
2591 2467 2713 2527 125

306 2601 426 2673 cam..
450 2573 1102 2667 s.2.s.144lAdmonuit‚
1133 2573 1310 2656 fugio
1341 2574 1659 2657 Campum
1686 2574 2025 2658 lusumque
2053 2575 2390 2657 trigonem.

725 2685 1003 2748 Pransus
1031 2704 1163 2747 non
1193 2683 1391 2771 avide,
1421 2692 1741 2771 quantum
1768 2686 2134 2770 interpellet
2163 2686 2342 2750 inani

722 2794 969 2858 Ventre
999 2793 1168 2857 diem
1199 2788 1448 2873 dux-aie,
1480 2794 1867 2858 domesticus
1896 2794 2083 2859 otior.
2177 2794 2339 2859 Haec
2368 2802 2467 2859 est
2521 2872 2534 2881 „

724 2904 882 2967 Vita
910 2904 1265 2967 solutorum
1293 2903 1526 2967 misera
1555 2904 1903 2968 ambitione
1933 2904 2270 2987 gravique3

726 3012 854 3075 His
884 3032 987 3074 me
1018 3011 1306 3075 consolor
1333 3012 1655 3075 victurum
1684 3013 1937 3077 suavius
1967 3034 2039 3075 ac
2069 3013 2125 3076 si
2589 3018 2716 3078 130

728 3122 1026 3188 Quaestor
1054 3143 1206 3186 avus
1233 3129 1415 3205 pater
1443 3129 1636 3205 atque
1665 3144 1847 3186 meus
1874 3130 2265 3207 patruusque
2295 3122 2539 3188 fuisset.

1628 3503 1792 3567 VII.

725 3636 1125 3699 Pnoscmr'rt
1159 3635 1354 3718 Regis
1385 3636 1605 3719 Rupili
1633 3658 1753 3720 pus
1784 3643 1974 3719 atque
2002 3657 2321 3701 venenum

727 3746 1025 3831 Hybrida
1055 3768 1181 3829 quo
1208 3754 1397 3829 pacto
1426 3748 1511 3810 sit
1541 3748 1798 3811 Persius
1826 3748 2024 3826 ultus,
2058 3750 2283 3833 opinor

725 3855 1044 3921 Omnibus
1072 3863 1139 3919 et
1166 3855 1354 3939 lippis
1383 3863 1610 3920 notum
1639 3865 1707 3920 et
1734 3858 2098 3922 tonsoribus
2126 3880 2284 3922 esse.

723 3965 980 4030 Persius
1007 3965 1115 4029 hic
1140 3987 1491 4049 permagna
1519 3968 1778 4051 negotia
1806 3968 1978 4033 dives
2006 3969 2286 4034 habebat

724 4076 1142 4157 Clazomenis,
1175 4077 1368 4141 etiam
1399 4078 1543 4141 lites
1574 4099 1717 4141 cum
1755 4081 1931 4162 Rege
1959 4081 2278 4157 molestas,
2673 4085 2712 4143 5

921 4223 1033 4275 107.
1068 4226 1292 4289 objiciet.
1427 4226 1541 4274 108.
1567 4228 1827 4283 secuntur,
1854 4227 1895 4275 b.
1917 4243 1953 4274 ο.
1990 4212 1996 4220 “
2092 4228 2202 4275 111.
2229 4225 2497 4277 Pnbidost.

1292 4292 1401 4339 131.
1428 4292 1665 4351 fuissent,
1693 4291 1788 4355 (cp.
1817 4294 1872 4341 C.
1899 4294 1943 4341 1.
1969 4293 2048 4341 24.
2074 4291 2146 4355 8.)
