3025 4776
1256 303 1592 361 EPODON
1660 301 1726 358 V.

458 470 663 554 Atqui
694 490 813 533 nec
842 468 1064 546 herba,
1095 489 1213 532 neo
1242 467 1449 531 latens
1478 467 1548 529 in
1581 464 1821 550 asperis

546 581 758 645 Radix
786 580 1021 644 fefellit
1048 601 1152 643 me
1180 579 1354 643 loeis.

458 690 782 755 Indormit
812 690 1028 754 unctis
1059 690 1348 753 omnium
1379 688 1697 753 cubilibus

288 806 378 867 70
551 801 888 865 Oblivione
918 800 1327 884 pellicum.—

461 911 607 976 Ah!
660 912 780 975 ah!
831 912 1077 975 solutus
1108 910 1395 974 ambulat
1424 910 1720 974 veneficae

550 1022 924 1087 Seientioris
953 1022 1253 1085 carmine.

458 1133 615 1196 Non
642 1132 918 1210 usitatis,
950 1133 1143 1210 Vare,
1174 1130 1561 1215 potionibus,

548 1244 608 1307 Ο
639 1243 845 1306 multa
872 1243 1173 1306 fleturum
1205 1243 1434 1326 caput!

297 1354 376 1415 75
467 1351 574 1416 Ad
602 1373 706 1415 me
735 1374 1056 1418 recurres:
1104 1374 1222 1417 nee
1251 1359 1476 1417 vocata
1504 1373 1687 1416 mens
1716 1358 1833 1415 tua

548 1462 787 1525 Marsis
816 1462 1050 1526 redibit
1078 1463 1359 1528 vocibus.

463 1574 684 1658 Majus
712 1574 969 1657 parabo,
1002 1576 1211 1659 majus
1239 1575 1576 1640 infundam
1608 1576 1728 1640 tibi

552 1685 932 1749 Fastidienti
962 1687 1284 1769 poculum.

467 1796 781 1878 Priusque
811 1796 1040 1861 caelum
1071 1796 1236 1861 sidet
1264 1797 1530 1862 inferius
1559 1800 1746 1878 mari,

296 1909 380 1970 80
552 1908 805 1971 Tellure
834 1914 1127 1991 porrecta
1154 1930 1365 1993 super,

467 2021 683 2086 Quam
710 2039 845 2082 non
875 2039 1088 2083 amore
1117 2020 1207 2083 sie
1239 2041 1383 2084 meo
1412 2020 1658 2104 flagres,
1690 2022 1787 2084 uti

550 2130 861 2194 Bitumen
890 2130 1044 2193 atris
1072 2130 1488 2214 ignibuS.’'—

469 2241 604 2305 Sub
633 2242 772 2306 haec
800 2262 979 2324 puer,
1003 2242 1142 2324 jam
1170 2263 1321 2321 non,
1354 2249 1428 2306 ut
1460 2249 1630 2321 ante,
1663 2243 1961 2308 mollibus

550 2353 784 2419 Lenire
815 2352 1021 2417 verbis
1052 2353 1282 2438 impias
1298 2380 1319 2434 5

297 2466 374 2525 85
465 2463 593 2527 Sed
623 2463 854 2528 dubius
883 2464 1053 2528 unde
1083 2472 1408 2549 rumperet
1435 2466 1785 2546 silentium,

552 2575 741 2638 Misit
770 2575 1118 2659 Thyesteas
1160 2598 1376 2662 preces
1403 2604 1416 2642 ε

406 2689 447 2720 “
474 2686 741 2749 Venena
768 2707 1077 2769 magnum
1104 2687 1201 2750 fas
1230 2688 1535 2772 nefasque
1564 2710 1698 2753 non
1727 2690 1940 2753 valent

555 2797 939 2861 Convertere
967 2797 1320 2861 humanam
1349 2798 1573 2864 vicem.

468 2909 643 2972 Diris
674 2931 859 2992 agam
888 2931 998 2974 vos
1024 2936 1037 2974 ε
1086 2909 1227 2972 dira
1256 2910 1596 2975 detestatio

300 3020 385 3082 90
557 3019 757 3083 Nulla
787 3023 1076 3104 expiatur
1104 3020 1384 3085 victima.

472 3130 648 3196 Quin
653 3178 671 3208 ‚
705 3129 813 3194 ubi
844 3131 1048 3214 perire
1070 3133 1287 3215 jussus
1318 3132 1736 3216 exspiravere,

556 3241 932 3305 Nocturnus
962 3263 1292 3305 occurram
1323 3244 1549 3321 Furor,

471 3351 825 3433 Petamque
855 3353 1069 3416 vultus
1100 3353 1330 3416 umbra
1359 3354 1567 3417 curvis
1596 3353 1939 3437 unguibuS,

560 3460 724 3526 Quae
753 3461 847 3524 vis
876 3462 1141 3526 deorum
1171 3472 1269 3526 est
1299 3465 1597 3527 Manium
1621 3489 1639 3542 ς
1689 3443 1698 3446 -

300 3571 379 3632 95
470 3571 556 3633 Et
584 3571 887 3653 inquietis
922 3573 1206 3637 assidens
1237 3574 1618 3658 praecordiis,

558 3684 802 3746 Pavore
832 3704 1088 3748 somnos
1117 3684 1420 3749 auferam.

472 3792 605 3855 Vos
634 3793 825 3856 turba
852 3794 1109 3859 vicatim
1139 3796 1291 3860 hino
1320 3803 1387 3860 et
1417 3797 1569 3861 hinc
1600 3798 1764 3861 saxis
1794 3805 2015 3882 petens

560 3905 934 3971 Contundet
965 3907 1270 3971 obscenas
1301 3930 1481 3973 anus.

471 4015 629 4078 Post
657 4015 974 4101 insepulta
1001 4019 1290 4083 membra
1317 4019 1612 4084 different
1641 4021 1775 4105 lupi

306 4127 432 4190 100
562 4131 651 4193 Et
681 4130 1039 4214 Esquilinae
1070 4133 1253 4196 alites
1269 4158 1291 4212 ;

724 4299 808 4348 94.
844 4300 867 4349 Ρ
905 4301 1189 4349 deorumst.
1345 4302 1426 4349 98.
1461 4301 1765 4360 contundat,
1793 4303 1850 4352 B.

2596 295 2706 355 117

2311 1395 2408 1436 cap.
2429 1383 2477 1425 C.
2497 1384 2535 1424 l.
2555 1384 2618 1423 ΞΑ.
2639 1384 2678 1425 Β.

2308 1598 2429 1640 Mar.
2451 1598 2532 1650 Bp.
2554 1599 2615 1641 17.
2639 1601 2703 1641 29.

2317 2727 2420 2779 Thy.
2439 2727 2487 2768 O.
2508 2726 2623 2771 1.16.
2646 2726 2708 2769 17.

2311 2841 2407 2871 ven.
2429 2829 2471 2870 S.
2485 2829 2524 2870 1.
2543 2829 2581 2869 8.
2602 2828 2664 2869 19.

2315 3191 2378 3229 90.
2400 3176 2589 3218 C.1.28.
2611 3176 2675 3216 34.
