3025 4776
1001 331 1572 390 EPISTOLARUM
1633 333 1786 390 LIB.
1851 333 1904 390 I.
1966 351 2021 424 ξι.
2586 337 2697 391 213

1237 572 1321 637 Χ.

410 715 627 778 Ussms
658 715 1008 774 amatorem
1040 711 1319 773 Fuscum
1349 709 1588 772 salvere
1610 708 1914 792 jubemus

411 824 602 887 Ruris
633 829 970 899 amatores,
1003 820 1125 883 hac
1152 819 1223 882 in
1251 840 1320 883 re
1350 820 1594 883 scilicet
1623 841 1754 882 una

409 933 699 997 Multum
731 931 1088 1010 dissimiles,
1122 937 1189 993 at
1218 939 1430 994 cetera
1459 952 1638 1014 paene
1669 930 1924 1014 gemelli
2304 965 2417 1005 qm.
2439 955 2480 995 s.
2501 956 2538 994 2.
2559 957 2597 994 ³.
2617 954 2706 993 zu.

414 1044 734 1108 Fraternis
765 1042 1034 1120 animis;
1082 1041 1392 1124 quidquid
1420 1049 1617 1125 negat
1647 1042 1829 1120 alter,
1863 1049 1929 1105 et
1959 1043 2122 1106 alter
2142 1068 2162 1120 ;

323 1158 361 1216 5
412 1153 779 1216 Annuimus
809 1152 1045 1235 pariter
1072 1152 1270 1215 vetuli
1300 1151 1567 1234 notique
1596 1151 1903 1215 columbi.

412 1264 511 1328 Tu
540 1263 765 1326 nidum
795 1284 1045 1326 servas:
1093 1283 1212 1345 ego
1242 1262 1433 1340 laudo
1462 1263 1632 1324 ruris
1662 1262 1899 1326 amoeni
2311 1282 2403 1322 nm.
2424 1280 2471 1320 e.
2492 1281 2529 1320 3.
2550 1281 2588 1320 ι
2612 1281 2673 1320 14.

417 1374 612 1438 Rivos
642 1382 708 1436 et
738 1394 961 1436 musco
991 1373 1355 1436 circumlita
1382 1394 1535 1435 saxa
1562 1394 1936 1455 nemusque.

417 1485 591 1551 Quid
624 1484 856 1567 quoeris
878 1485 909 1546 ἲ
997 1484 1166 1548 Vivo
1196 1491 1262 1547 et
1291 1504 1510 1567 regno,
1544 1484 1737 1547 simul
1766 1485 1893 1547 ista
1919 1485 2167 1568 reliqui,

414 1598 576 1663 Quae
605 1616 716 1658 vos
748 1594 828 1657 ad
858 1593 1085 1657 caelum
1115 1594 1296 1657 fertis
1326 1615 1585 1658 rumore
1614 1595 1934 1660 secundo:

284 1709 367 1770 10
418 1708 638 1790 thue
668 1705 1016 1769 sacerdotis
1045 1699 1353 1788 fugitivus
1384 1706 1516 1768 liba
1543 1727 1765 1769 recuso
1781 1732 1801 1784 3

417 1819 593 1882 Pane
623 1838 778 1899 egeo
803 1817 939 1899 jam
970 1815 1232 1879 mellitis
1259 1815 1506 1899 potiore
1539 1816 1871 1900 placentis,

415 1926 648 1989 Vivere
677 1935 925 1988 naturae
955 1925 1009 1987 si
1039 1925 1491 2020 congenienter
1520 1934 1794 2009 oportet,

417 2037 865 2119 Poneudaequc
895 2036 1086 2100 domo
1118 2036 1458 2119 quaerenda
1488 2045 1588 2099 est
1618 2059 1764 2100 area
1793 2035 2094 2120 primum,

414 2147 754 2210 Novistine
784 2147 997 2209 locum
1027 2147 1344 2229 potiorem
1375 2168 1523 2210 rure
1554 2147 1742 2211 beato
1764 2150 1793 2210 Ρ

288 2261 366 2322 15
414 2260 533 2322 Est
565 2257 675 2321 ubi
704 2258 849 2341 plus
879 2265 1139 2340 tepeant
1169 2257 1429 2336 hiemes,
1463 2258 1576 2321 ubi
1607 2259 1847 2341 gratior
1876 2281 2032 2322 aura
2316 2277 2401 2326 ἐφ.
2423 2275 2470 2314 C·
2491 2276 2528 2314 2-
2548 2278 2586 2314 6-
2608 2276 2668 2315 1⁷·

416 2369 649 2434 Leniat
680 2377 745 2434 et
776 2368 1017 2433 rabiem
1048 2369 1244 2434 Canis
1273 2378 1339 2434 et
1370 2379 1698 2435 momenta
1728 2371 1984 2449 LeoniS,
2316 2392 2421 2433 Leo.
2443 2392 2489 2431 o.
2512 2396 2550 2433 s.
2571 2392 2712 2431 zoas.

417 2482 590 2544 Cum
620 2481 816 2544 semel
847 2481 1092 2563 accepit
1125 2482 1340 2545 Solem
1372 2481 1757 2545 furibundus
1787 2483 2099 2553 acutum?

416 2592 536 2654 Est
565 2591 676 2655 ubi
707 2592 967 2655 divellat
996 2613 1251 2656 somnos
1280 2593 1493 2655 minus
1524 2592 1738 2656 invida
1767 2594 1966 2657 cura?

419 2702 721 2766 Deterius
754 2702 1018 2787 Libycis
1048 2702 1176 2766 olet
1208 2710 1321 2766 aut
1349 2703 1515 2767 nitet
1543 2703 1744 2767 herba
1769 2704 2001 2787 lapillis
2023 2706 2053 2766 ⁴?

285 2818 373 2877 20
421 2813 649 2877 Purior
678 2814 747 2876 in
777 2814 934 2877 vicis
964 2835 1129 2896 aqua
1160 2814 1368 2877 tendit
1396 2836 1693 2898 rumpere
1723 2816 2082 2899 plumbum,

422 2926 638 2992 Quam
692 2946 835 3008 quae
885 2945 1000 3008 per
1048 2946 1324 3008 pronum
1376 2926 1656 3010 trepidat
1715 2947 1861 2990 cum
1923 2936 2249 2991 murmure
2318 2965 2400 3003 m,
2422 2963 2469 3002 c,
2491 2964 2527 3002 2,
2549 2964 2585 3002 3,
2610 2963 2669 3003 12,

729 3035 935 3098 rivum
960 3037 988 3098 P

419 3148 674 3229 Nempe
705 3147 876 3209 inter
906 3146 1107 3209 varias
1137 3147 1425 3210 nutritur
1454 3148 1611 3211 silva
1641 3149 1968 3213 columnas
2320 3190 2380 3219 22.
2404 3177 2451 3217 e.
2473 3180 2509 3218 3.
2536 3178 2594 3216 10.
2614 3179 2652 3216 e.

420 3257 875 3339 Laudaturque
905 3257 1152 3335 domus,
1185 3258 1408 3341 longos
1439 3280 1582 3341 quae
1611 3260 1911 3343 prospicit
1943 3282 2146 3343 agros.

421 3369 744 3431 Naturam
775 3367 1048 3451 expellas
1078 3367 1277 3445 furca,
1310 3375 1530 3430 tamen
1560 3390 1763 3451 usque
1792 3378 2096 3446 recurret,

290 3481 376 3540 25
427 3480 513 3541 Et
544 3479 714 3541 mala
744 3487 1114 3562 perrumpet
1140 3477 1364 3541 furtim
1393 3478 1651 3542 fastidia
1679 3480 1924 3542 victrix.

424 3589 599 3667 Non,
635 3589 745 3671 qui
777 3587 1042 3651 Sidonio
1074 3588 1456 3652 contendere
1486 3589 1750 3652 callidus
1781 3598 1954 3654 ostro

422 3702 652 3766 Nescit
684 3701 1076 3784 Aquinatem
1105 3702 1394 3785 potantia
1423 3703 1655 3765 vellera
1682 3704 1924 3781 fucum,
2305 3719 2407 3768 suc.
2429 3721 2475 3760 o.
2498 3724 2535 3760 3.
2559 3722 2595 3760 5.
2617 3721 2680 3761 κει.

422 3813 677 3875 Certius
709 3813 974 3896 accipiet
1004 3812 1311 3875 damnum
1342 3813 1676 3897 propiusve
1717 3813 2034 3892 medullis,

432 3924 645 3988 Quam
682 3924 790 4005 qui
820 3945 949 3986 non
979 3923 1216 4006 poterit
1247 3945 1393 3987 vero
1424 3923 1813 4006 distinguere
1842 3924 2093 3988 falsum.

289 4035 379 4096 30
427 4033 641 4097 Quem
671 4054 773 4096 res
802 4034 946 4117 plus
978 4033 1177 4123 nimio
1207 4033 1597 4097 delectavere
1627 4035 1940 4113 secundae‚
2321 4046 2423 4088 nim.
2446 4048 2492 4088 c.
2514 4048 2550 4087 1.
2570 4048 2627 4135 {ss
2645 4046 2719 4134 115³

429 4144 707 4208 Mutatae
737 4144 1050 4227 quatient.
1146 4145 1217 4206 Si
1248 4145 1401 4227 quid
1431 4144 1762 4223 mirabere,
1795 4168 1992 4229 pones

324 4281 371 4326 3.
407 4278 489 4327 ad.
691 4280 738 4326 9.
774 4280 987 4328 effertis.
1189 4281 1268 4327 13.
1309 4279 1704 4339 ?quaerendast.
1908 4282 1985 4331 18.
2017 4281 2259 4343 depellat.

1117 4349 1200 4394 24.
1235 4346 1479 4406 expelles.
