3025 4776
970 289 1441 350 SATIRARUM
1485 292 1641 349 LIB.
1698 292 1786 348 II.
1846 290 1919 349 iv.

264 456 344 517 15
394 454 589 518 Caule
620 454 984 518 suburbano
1015 456 1126 538 qui
1155 456 1338 518 siccis
1367 455 1565 518 crevit
1595 456 1663 517 in
1696 455 1866 537 agris

392 564 696 642 Dulcior;
742 565 985 647 irriguo
1015 566 1177 628 nihil
1199 575 1296 629 est
1325 566 1563 628 elutius
1597 565 1804 628 horto,

396 677 465 737 Si
495 676 893 759 vespertinus
922 676 1137 740 subito
1165 684 1232 740 te
1262 676 1642 759 oppresserit
1673 676 1921 757 hospcS‚

392 785 499 850 Ne
530 787 768 869 gallina
796 787 1042 849 malum
1070 794 1402 869 responset
1432 786 1593 849 dura
1621 786 1856 869 palatO,

391 899 637 961 Doctus
667 897 791 960 eris
819 898 1026 961 vivam
1055 898 1260 960 mixto
1289 917 1565 959 mersare
1595 896 1868 959 Falerno
1895 921 1908 958 ε

260 1010 349 1070 20
394 1008 540 1070 IIoc
569 1014 856 1069 teneram
885 1006 1097 1070 faciet.
1189 1006 1604 1069 Pratensibus
1634 1006 1878 1089 optima
1906 1004 2122 1086 fungis

390 1117 647 1179 Natura
675 1123 808 1180 est:
856 1116 994 1179 aliis
1024 1117 1190 1179 male
1221 1117 1522 1180 creditur.
1616 1116 1737 1179 Ille
1767 1116 2054 1179 salubres

266 1249 275 1254 ⁸
390 1228 674 1290 AEstates
703 1236 986 1311 peraget,
1020 1229 1130 1311 qui
1159 1229 1361 1311 nigris
1391 1228 1661 1311 prandia
1689 1228 1884 1292 moris

391 1338 623 1416 Finiet‚
658 1348 806 1402 ante
837 1360 1096 1421 gravem
1127 1360 1270 1421 quae
1298 1338 1528 1419 legerit
1559 1337 1785 1401 arbore
1814 1337 2034 1402 solem.

391 1447 689 1512 Aufidius
716 1447 869 1512 forti
897 1447 1205 1511 miscebat
1236 1447 1428 1510 mella
1456 1447 1749 1523 Falern0‚

258 1565 342 1624 25
391 1560 467 1622 Μ
473 1560 723 1637 endose,
759 1559 1061 1641 quoniam
1091 1559 1305 1623 vacuis
1335 1558 1737 1621 committere
1768 1558 1943 1621 venis

392 1670 508 1732 Nil
540 1669 665 1732 nisi
695 1670 836 1732 lene
867 1670 1047 1732 decet
1073 1695 1085 1733 :
1132 1668 1262 1731 leni
1295 1668 1640 1751 praecordia
1668 1668 1876 1732 mulso

390 1780 715 1843 Prolueris
745 1780 994 1856 melius.
1089 1778 1159 1842 Si
1190 1779 1350 1842 dura
1379 1753 1734 1842 morabitur
1764 1778 1963 1856 alvus,

390 1891 671 1954 Mitulus
702 1898 768 1954 et
795 1890 951 1953 viles
979 1891 1219 1974 pellent
1250 1889 1575 1953 obstantia
1604 1889 1865 1953 conchae

393 2002 477 2062 Et
506 1999 748 2083 lapathi
779 2000 986 2063 brevis
1015 1999 1234 2077 herba,
1268 1999 1381 2062 sed
1410 1999 1556 2062 albo
1585 2020 1717 2062 non
1746 1998 1882 2061 sine
1913 1997 2068 2061 Coo·

259 2115 348 2176 30
392 2110 670 2175 Lubrica
697 2117 1033 2174 nascentes
1061 2110 1331 2194 implent
1361 2109 1696 2193 conchylia
1724 2109 1917 2186 lunae,

395 2221 521 2286 Sed
550 2243 681 2285 non
711 2241 900 2284 omne
930 2241 1107 2284 mare
1138 2227 1235 2284 est
1266 2240 1588 2303 generosae
1617 2219 1828 2282 fertile
1857 2224 2077 2281 testae:

391 2331 644 2396 Murice
675 2331 921 2395 Baiano
948 2330 1173 2395 melior
1203 2331 1485 2395 Lucrina
1512 2330 1766 2415 peloris,

393 2446 625 2507 Ostrea
654 2442 935 2519 Circeiis,
970 2442 1228 2505 Miseno
1258 2441 1557 2505 oriuntur
1584 2440 1817 2517 echini,

390 2553 761 2617 Pectinibus
790 2552 1023 2636 patulis
1047 2554 1251 2636 jactat
1281 2573 1348 2615 se
1377 2552 1568 2614 molle
1597 2551 1973 2615 Tarentum.

256 2668 342 2727 35
390 2665 533 2728 Nec
562 2663 682 2727 sibi
713 2683 1016 2726 cenarum
1048 2662 1252 2745 quivis
1281 2669 1523 2726 temere
1552 2670 1806 2744 arroget
1837 2668 2060 2738 artem,

389 2775 542 2838 Non
573 2773 754 2856 prius
783 2780 1005 2837 exacta
1033 2773 1215 2836 tenui
1243 2773 1493 2836 ratione
1523 2793 1841 2856 saporum.

385 2885 528 2947 Nec
558 2884 711 2947 satis
742 2890 841 2946 est
870 2903 1017 2946 cara
1043 2883 1247 2965 pisces
1279 2890 1561 2946 avertere
1591 2903 1833 2959 mensa,

390 2997 721 3076 Ignarum,
757 2992 989 3076 quibus
1018 3001 1119 3056 est
1144 2993 1251 3075 jus
1283 2992 1491 3076 aptius
1521 3001 1586 3056 et
1617 2992 1849 3075 quibus
1881 2992 2037 3054 assis
2064 3001 2083 3013 '

389 3104 763 3187 Languidus
792 3104 863 3166 in
893 3103 1181 3167 cubitum
1208 3104 1348 3186 jam
1378 3125 1447 3167 se
1477 3104 1742 3167 conviva
1769 3109 2055 3187 reponet.

256 3219 344 3279 40
390 3214 639 3279 Umber
666 3222 732 3279 et
762 3214 962 3297 iligna
988 3214 1272 3277 nutritus
1302 3213 1534 3296 glande
1563 3212 1870 3276 rotundas

389 3327 630 3389 Curvat
659 3346 810 3407 aper
837 3325 1051 3388 lances
1081 3344 1340 3387 carnem
1369 3322 1631 3386 vitantis
1659 3322 1970 3385 inertem:

386 3439 564 3501 Nam
596 3440 884 3502 Laurens
915 3437 1121 3500 malus
1149 3444 1267 3515 est,
1298 3436 1460 3499 ulvis
1490 3443 1557 3499 et
1586 3434 1897 3497 arundine
1926 3433 2202 3517 pinguis.

387 3548 599 3610 Vinea
627 3546 956 3611 submittit
987 3566 1242 3629 capreas
1269 3566 1402 3608 non
1431 3564 1681 3627 semper
1711 3543 1948 3607 edules.

389 3656 709 3720 Fecundae
737 3655 967 3739 leporis
996 3655 1244 3738 sapiens
1273 3654 1622 3718 sectabitur
1653 3674 1884 3718 armos.

255 3772 342 3831 45
391 3767 683 3830 Piscibus
714 3773 906 3850 atque
937 3766 1156 3830 avibus
1184 3785 1328 3848 quae
1357 3772 1591 3827 natura
1618 3772 1683 3827 et
1711 3763 1876 3828 foret
1905 3771 2077 3843 aetas,

389 3888 565 3945 Ante
592 3902 809 3945 meum
839 3880 1001 3944 nulli
1028 3880 1239 3964 patuit
1269 3879 1540 3962 quaesita
1565 3879 1877 3963 palatum.

396 3999 564 4060 Sunt
582 4018 856 4080 quorum
879 3996 1207 4080 ingenium
1231 4015 1395 4059 nova
1411 4002 1669 4059 tantum
1688 3995 1974 4058 crustula
1996 3994 2251 4078 promit.
2282 4022 2371 4053 cru.
2393 4010 2434 4050 s.
2456 4011 2492 4099 1l
2514 4010 2636 4098 ¹1'²⁵'

392 4113 822 4196 Nequaquam
851 4110 1004 4175 satis
1033 4111 1100 4173 in
1128 4132 1199 4174 re
1227 4131 1358 4174 una
1388 4129 1759 4173 consumere
1789 4131 2008 4173 curam
2033 4135 2052 4188 3

659 4274 738 4322 19.
775 4275 947 4336 misto,
983 4279 1173 4323 musto.
1311 4274 1390 4323 48.
1428 4275 1556 4323 satis
1581 4277 1676 4334 est,
1704 4273 1791 4320 Hz.
1817 4273 1873 4320 F.

2579 292 2685 346 181

2271 1448 2369 1498 sor.
2391 1449 2438 1490 C.
2461 1450 2497 1490 1.
2518 1450 2581 1490 2¹7.
2602 1452 2640 1490 9.

2459 1502 2498 1541 2.
2521 1501 2582 1541 11.
2603 1502 2667 1541 19.

2277 2086 2369 2136 lap.
2391 2085 2471 2137 Ep.
2493 2088 2531 2126 2.
2553 2086 2615 2126 5⁷.

2281 2148 2375 2178 con.
2397 2137 2438 2178 S.
2458 2139 2497 2178 2.
2518 2140 2556 2177 8.
2578 2137 2642 2178 27.

2279 2343 2387 2386 Luc.
2407 2343 2488 2395 Ep.
2509 2344 2548 2385 2.
2567 2345 2632 2385 49.

2281 2572 2380 2613 nol.
2401 2570 2451 2613 E.
2474 2571 2509 2613 l.
2529 2571 2567 2612 7.
2587 2573 2651 2613 45.

2280 3117 2373 3158 cub.
2394 3117 2441 3158 C.
2463 3117 2498 3157 1.
2519 3117 2581 3158 2⁷.
2603 3119 2642 3159 8.

2279 3698 2344 3737 44.
2365 3684 2406 3727 8.
2427 3687 2463 3726 2.
2484 3688 2522 3725 8.
2542 3687 2607 3726 89.
