3025 4776
320 708 400 769 75

341 2349 423 2411 10

345 2908 424 2969 15

394 3990 434 4050 5

354 4270 544 4308 xxvm.
578 4259 655 4308 10.
688 4256 908 4315 viridem
933 4256 1135 4304 choros.

1003 306 1447 366 CARMINUM
1521 304 1674 360 LIB.
1718 302 1841 358 III.
1885 299 2038 357 xxix.

515 482 557 514 “
582 477 766 541 Uxor
794 472 1016 537 invicti
1047 474 1089 536 J
1092 470 1228 535 ovis
1258 491 1395 533 esse
1427 467 1633 532 nescis
1660 489 1676 529 ε

577 588 779 652 Mitte
808 584 1128 668 singultus
1151 608 1170 660 ;
1218 581 1378 645 bene
1408 579 1572 642 ferre
1589 581 1902 660 ⁴magnam

579 702 771 765 Disce
799 700 1126 764 fortunam
1152 721 1166 759 ε
1213 703 1329 758 tua
1357 700 1569 757 sectus
1599 691 1772 756 orbis

646 800 649 803 ’
1013 805 1301 873 Nomina
1330 803 1592 867 ducet.'’

1162 1188 1495 1254 XXVIII.

499 1339 711 1403 Fns'ro
745 1334 900 1418 quid
928 1333 1145 1417 potius
1176 1328 1281 1394 die

584 1445 881 1529 Neptuni
909 1443 1186 1507 faciam?
1275 1443 1512 1506 Prome
1543 1437 1967 1515 reconditum,

500 1558 683 1643 Lyde
711 1544 990 1632 strenua,
1025 1552 1398 1628 Caecubum,

588 1669 994 1750 Munitaeque
1024 1664 1255 1729 adhibe
1285 1663 1416 1727 vim
1455 1658 1804 1745 sapientiae.

502 1780 825 1847 Inclinare
853 1775 1185 1840 meridiem

591 1894 842 1960 Sentis:
891 1913 986 1970 ac,
1016 1889 1216 1955 veluti
1245 1874 1373 1953 stet
1402 1885 1676 1951 volucris
1707 1883 1864 1963 dies,

502 2005 720 2073 Parcis
749 2003 1034 2088 deripere
1060 2001 1291 2065 horreo

558 2178 561 2181 .
591 2122 966 2186 Cessantem
994 2115 1214 2180 Bibuli
1244 2111 1543 2178 Consulis
1584 2110 1979 2194 amphoram.

504 2232 646 2296 Nos
674 2228 1079 2310 cantabimus
1105 2226 1381 2289 invicem
1729 2198 1736 2209 “

591 2343 998 2427 Neptunum,
1031 2346 1098 2403 et
1128 2336 1346 2402 viridis
1375 2334 1736 2400 Nereidum
1766 2352 2016 2397 comas:

506 2455 608 2521 'ru
636 2475 827 2519 curva
854 2451 1099 2516 recines
1124 2450 1267 2533 lyra

595 2567 937 2643 Latonam,
968 2569 1035 2627 et
1065 2561 1285 2627 celeris
1314 2559 1559 2645 spicula
1589 2556 1884 2643 Cynthiae
1910 2580 1925 2620 ι

513 2685 783 2747 Summo
813 2667 1116 2755 carmine,
1149 2695 1293 2759 quae
1324 2672 1582 2739 Cnidon

598 2791 1068 2875 Fulgentesque
1096 2793 1276 2850 tenet
1306 2782 1638 2869 Cycladas,
1670 2788 1737 2845 et
1771 2778 2035 2864 Paphon

514 2904 556 2968 J
558 2902 772 2967 unctis
799 2900 949 2965 visit
976 2896 1257 2963 oloribus
1283 2921 1297 2960 ε

598 3013 870 3078 Dicetur
898 3009 1128 3075 merita
1155 3007 1306 3072 Nox
1339 3025 1594 3089 quoque
1622 3001 1832 3067 nenia.

1221 3372 1476 3436 XXIX.

514 3561 522 3568 -
605 3516 988 3580 ΤΥΒΒΒΕΝΑ
1020 3529 1242 3593 regum
1277 3504 1635 3590 progenies,
1670 3499 1793 3564 tibi

491 3693 496 3698 ,
605 3624 762 3690 Non
791 3629 940 3686 ante
970 3624 1152 3684 v'erso
1179 3619 1325 3682 lene
1352 3635 1605 3679 merum
1635 3611 1813 3689 cad0,

695 3735 863 3799 Cum
893 3734 1069 3810 flore,
1101 3730 1447 3805 Maecenas,
1478 3744 1791 3801 rosarum,
1823 3699 1889 3786 et

786 3847 1011 3911 Pressa
1037 3842 1173 3908 tuis
1201 3841 1467 3905 balanus
1497 3836 1740 3922 capillis

612 3984 654 4049 J
657 4005 762 4047 am
793 3981 1039 4046 dudum
1068 3977 1235 4064 apud
1269 3997 1372 4040 me
1402 3981 1520 4039 est.
1610 3972 1802 4056 Eripe
1831 3978 1897 4034 te
1926 3989 2141 4046 morae,

609 4096 755 4161 Nec
785 4113 1035 4178 semper
1062 4090 1266 4154 udum
1294 4087 1517 4164 Tibur,
1550 4091 1615 4148 et
1647 4081 1892 4148 AEsulae

1249 4250 1328 4299 14.
1362 4247 1614 4310 Paphum,
1640 4245 1697 4292 B.

1296 4317 1343 4364 6.
1378 4331 1462 4364 ne.

1900 4254 2042 4288 xxix.
2080 4239 2123 4287 5.
2151 4238 2174 4287 Ρ
2199 4238 2350 4283 mest.

2663 299 2734 353 83

2349 1678 2390 1715 ⁴·
2411 1664 2458 1703 e.
2479 1665 2515 1702 3.
2537 1661 2599 1700 21.
2623 1661 2685 1700 1³.

2477 1715 2515 1753 ι
2537 1713 2600 1751 12.
2620 1711 2683 1750 27.

2352 1912 2435 1953 σοὶ.
2457 1911 2505 1952 C.
2526 1914 2563 1952 4.
2586 1912 2646 1952 1³.
2669 1911 2731 1951 1ο.

2355 2028 2446 2069 hor.
2468 2027 2515 2067 C.
2537 2029 2573 2067 4.
2597 2027 2658 2066 12.
2674 2027 2735 2067 18.

2359 2485 2450 2516 eur.
2471 2474 2519 2515 c.
2540 2475 2576 2514 l.
2599 2474 2659 2513 10.
2679 2474 2718 2512 6.

2364 2603 2424 2632 n.
2445 2589 2492 2630 C.
2511 2589 2546 2629 1.
2562 2588 2757 2630 affl—8.

2363 2705 2461 2747 Cnl.
2482 2704 2530 2746 C.
2552 2705 2589 2745 1.
2608 2705 2672 2744 ³0.
2694 2705 2730 2743 1.

2366 2806 2466 2857 Cye.
2486 2805 2534 2846 Ο.
2555 2805 2591 2845 1.
2613 2804 2675 2844 14.
2694 2805 2758 2844 20.

2367 2915 2428 2957 ις.
2449 2907 2496 2946 C.
2517 2908 2555 2948 4.
2577 2905 2612 2944 1.
2635 2904 2696 2944 10.

2368 3009 2426 3048 16.
2449 3006 2495 3048 C.
2516 3010 2553 3047 3.
2576 3008 2637 3048 1⁹.
2662 3008 2722 3048 10.
