3025 4776
226 1852 308 1912 65

236 2427 317 2489 70

233 3012 315 3073 75

1016 288 1244 346 021le
1239 289 1356 346 EN
1401 285 1846 345 SAE'OULARE.

478 445 520 508 J
524 465 628 507 am
658 443 821 507 mari
853 450 1150 527 terraque
1183 464 1412 507 manus
1441 449 1736 527 potentes

481 554 743 631 MeduS,
775 554 1186 637 Albanasque
1216 554 1405 617 timet
1434 575 1722 618 secures:

482 664 525 726 J
528 684 633 726 am
667 664 926 749 Scythae
955 685 1255 748 responsa
1284 670 1534 747 petunt,
1567 662 1822 749 superbi

828 776 1078 860 Nuper,
1109 784 1176 839 et
1207 776 1378 840 Indi.

484 913 526 977 J
529 934 634 975 am
663 911 875 991 Fidoe,
911 920 978 976 et
1006 915 1163 990 Pax,
1195 922 1261 977 et
1294 915 1545 992 Honor,
1577 912 1916 997 Pudorque

483 1022 764 1101 Priscus,
796 1030 862 1086 et
890 1023 1182 1106 neglecta
1209 1023 1414 1087 redire
1443 1024 1672 1087 Virtus

483 1133 739 1198 Audet:
789 1140 1175 1217 apparetque
1204 1134 1392 1197 beata
1421 1135 1608 1218 pleno

832 1245 1032 1329 Copia
1060 1265 1279 1308 cornu.

483 1383 736 1463 Augur,
769 1387 834 1445 et
863 1381 1153 1464 fulgente
1183 1380 1449 1445 decorus
1480 1400 1633 1443 arcu

487 1491 788 1569 Phoebus,
822 1502 1243 1576 acceptusque
1274 1513 1503 1555 novem
1536 1490 1852 1568 Camenis,

489 1603 619 1669 Qui
650 1603 912 1666 salutari
940 1603 1110 1667 levat
1140 1611 1276 1666 arte
1304 1603 1500 1668 fessos

832 1713 1129 1796 Corporis
1160 1721 1357 1778 artus·

487 1848 558 1912 Si
589 1848 915 1912 Palatinas
943 1848 1115 1912 videt
1145 1870 1364 1931 aequus
1395 1869 1591 1927 arces,

488 1961 777 2041 Remque
810 1959 1170 2021 Romanam
1201 1960 1590 2041 Latiumque
1619 1959 1771 2022 felix

485 2070 784 2134 Alterum
815 2069 884 2131 in
915 2069 1213 2148 lustrum,
1245 2072 1597 2154 meliusque
1627 2092 1874 2155 semper

834 2181 1144 2263 Proroget
1173 2202 1399 2245 aevum.

490 2317 778 2399 Quaeque
807 2316 1205 2380 Aventinum
1233 2323 1411 2381 tenet
1442 2317 1900 2402 Algidumque,

489 2427 874 2494 Quindecim
908 2428 1119 2491 Diana
1147 2450 1362 2513 preces
1391 2430 1673 2493 virorum

488 2539 707 2617 Curet,
741 2547 807 2603 et
838 2539 1001 2602 votis
1030 2561 1371 2622 puerorum
1404 2541 1641 2604 amicas

833 2650 1132 2734 Applicet
1163 2651 1353 2714 auris.

492 2786 652 2849 Haec
684 2787 726 2850 J
729 2806 910 2849 ovem
941 2786 1197 2864 sentire,
1230 2786 1506 2870 deosque
1537 2796 1824 2865 cunctos,

491 2898 684 2980 Spem
716 2897 949 2960 bonam
981 2906 1345 2980 certamque
1376 2899 1639 2962 domum
1670 2907 1942 2983 reporto,

490 3009 735 3072 Doctus
764 3015 830 3071 et
861 3008 1090 3072 Phoebi
1123 3009 1353 3072 chorus
1382 3017 1449 3073 et
1478 3011 1707 3075 Dianae

836 3118 1066 3183 Dicere
1093 3120 1333 3185 laudes.

398 3277 477 3329 67.
513 3279 714 3330 Honos,
846 3279 928 3329 65.
962 3293 1095 3327 aras.
1229 3280 1310 3329 68.
1345 3285 1607 3343 prorogat.
1761 3279 1840 3331 71.
1876 3287 2042 3331 curat.

956 3343 1037 3396 72.
1075 3347 1305 3408 applicat
1328 3363 1494 3395 aures.

2533 286 2640 341 109

2247 942 2310 986 ῃ.
2331 933 2378 976 e.
2400 932 2436 975 1.
2457 934 2520 975 24.
2539 934 2581 975 ο.

2247 1251 2311 1291 60.
2333 1248 2381 1288 C.
2402 1248 2438 1288 1.
2460 1248 2522 1288 17.
2544 1249 2607 1289 16.

2336 1299 2387 1340 Ε.
2409 1299 2447 1340 1.
2473 1298 2534 1341 12.
2555 1300 2620 1341 29.

2247 1418 2312 1457 ⁶1.
2334 1415 2382 1457 C.
2403 1417 2440 1456 1.
2461 1416 2500 1456 2.
2520 1415 2584 1456 88.

2249 2360 2349 2414 Azy.
2370 2360 2417 2403 c.
2439 2360 2476 2403 1.
2497 2360 2560 2403 21.
2580 2361 2620 2402 o.
