3025 4776
382 264 454 317 26

386 1560 485 1603 Gal.
506 1560 553 1602 0.
575 1561 610 1601 1.
631 1561 695 1600 20.
716 1561 755 1600 9.

571 1613 609 1651 4.
632 1611 693 1651 12.
718 1610 781 1652 14.

384 1809 469 1851 cul.
488 1809 540 1851 Α.
561 1808 610 1851 Ρ.
629 1809 718 1850 434.

384 3298 498 3341 aab.
526 3298 579 3340 E.
598 3300 638 3342 2.
657 3300 697 3340 2.
715 3300 780 3341 78.

381 3990 463 4031 rel.
494 3989 645 4031 e.1.s.
674 3990 737 4033 1⁹.

1002 4213 1147 4251 ml.
1169 4201 1217 4249 3.
1241 4200 1441 4263 opimas
1449 4236 1566 4248 ......
1575 4198 1623 4246 4.
1648 4197 1850 4246 feracis.
1986 4199 2066 4247 10.
2089 4201 2168 4247 ut.

1177 256 1241 329 ρ.
1310 256 1621 314 nomm
1687 253 1986 314 nAccz

1675 476 1932 539 XXXI.

1068 611 1259 677 Qum
1291 609 1658 703 dedicatum
1689 610 1895 693 poscit
1924 610 2292 694 Apollinem

1065 720 1267 781 Vates
1291 719 1320 779 Ῥ
1366 717 1521 799 quid
1552 723 1719 796 orat,
1751 717 1831 781 de
1857 725 2078 801 patera
2104 739 2344 813 novum

1152 829 1455 893 Fundens
1485 829 1800 910 liquorem
1822 830 1852 889 Ῥ
1940 831 2098 894 Non
2127 831 2358 915 opimae

1242 939 1555 1003 Sardiniae
1585 945 1832 1022 segetes
1858 938 2119 1017 feraceS,

1065 1076 1219 1139 Non
1250 1081 1541 1138 aestuosae
1570 1080 1753 1156 grata
1783 1073 2094 1138 Calabriae

1068 1188 1407 1263 Armenta,
1438 1205 1571 1248 non
1602 1205 1852 1261 aurum,
1886 1192 1998 1247 aut
2025 1183 2186 1248 ebur
2215 1184 2537 1263 Indicum,

1152 1295 1308 1359 Non
1336 1316 1511 1372 rura,
1546 1314 1688 1377 quae
1718 1294 1891 1359 Liris
1920 1294 2139 1378 quieta

1239 1402 1502 1468 Mordet
1533 1425 1699 1486 aqua
1728 1404 2091 1468 taciturnus
2122 1404 2350 1469 amnis.

1066 1545 1373 1608 Poemant
1402 1543 1643 1606 Calena
1669 1542 1854 1621 falce,
1886 1542 2120 1626 quibus
2149 1543 2326 1608 dedit

1068 1656 1376 1731 Fortuna,
1407 1653 1606 1716 vitem
1632 1677 1646 1716 :
1693 1651 1870 1716 dives
1901 1660 1967 1716 et
1998 1654 2204 1716 aureis

1151 1764 1482 1827 Mercator
1510 1761 1785 1826 exsiccet
1814 1762 2068 1825 culullis

1239 1872 1415 1936 Vina
1446 1873 1613 1963 Syra
1639 1878 1931 1954 reparata
1957 1891 2191 1950 merce,

1067 2010 1188 2073 Dis
1218 2029 1400 2073 carus
1426 2008 1604 2092 ipsis,
1639 2008 1870 2092 quippe
1891 2015 1992 2071 ter
2020 2015 2086 2072 et
2117 2014 2343 2091 quater

1065 2122 1261 2185 Anno
1289 2119 1572 2182 revisens
1603 2139 1820 2201 aequor
1849 2117 2254 2183 Atlanticum

1156 2229 1455 2309 Impune.
1544 2228 1662 2291 Me
1689 2234 1962 2311 pascunt
1990 2228 2193 2304 olivae,

1239 2337 1356 2401 Me
1387 2335 1700 2415 cichorea,
1732 2337 2028 2420 levesque
2058 2336 2301 2403 malvae.

1067 2473 1223 2537 Frui
1252 2471 1489 2556 paratis
1520 2479 1586 2535 et
1615 2471 1825 2536 valido
1852 2471 2033 2550 mihi,

1065 2585 1288 2661 Latoe,
1321 2582 1538 2660 dones,
1570 2589 1659 2660 et,
1689 2603 1933 2666 precor,
1965 2582 2217 2665 integra

1154 2691 1325 2754 Cum
1352 2697 1571 2755 mente
1594 2716 1614 2768 ς
1661 2711 1780 2754 nec
1809 2698 2064 2774 turpem
2094 2697 2423 2756 senectam

1240 2800 1511 2884 Degere,
1546 2821 1666 2864 nec
1695 2800 1944 2864 cithara
1974 2808 2322 2866 carentem.

1648 3118 1943 3182 XXXII.

1066 3255 1437 3318 Poscmua.
1532 3251 1606 3315 Si
1635 3251 1791 3333 quid
1818 3253 2002 3316 vacui
2033 3253 2153 3318 sub
2182 3253 2413 3318 umbra

1066 3364 1371 3428 Lusimus
1399 3369 1639 3439 tecum,
1672 3361 1845 3444 quod
1873 3370 1940 3426 et
1968 3362 2144 3428 hunc
2172 3365 2244 3428 in
2272 3385 2511 3427 annum

1064 3473 1260 3539 Vivat
1290 3481 1356 3537 et
1384 3473 1597 3557 plures
1619 3498 1638 3550 ς
1686 3492 1822 3554 age,
1853 3473 1955 3535 dic
1985 3473 2322 3554 Latinum,

1411 3581 1697 3660 Barbite,
1730 3602 2009 3661 carmen,

1063 3715 1299 3781 Lesbio
1328 3714 1610 3799 primum
1637 3715 1965 3780 modulate
1994 3715 2136 3793 civi,

1067 3825 1221 3903 Qui,
1250 3824 1430 3888 ferox
1454 3823 1644 3902 bello,
1676 3830 1896 3888 tamen
1924 3824 2094 3888 inter
2123 3845 2319 3903 arma,

1067 3940 1213 4004 Sive
1235 3938 1550 4022 jactatam
1576 3938 1886 4022 religarat
1906 3937 2037 4002 udo

1408 4049 1632 4113 Litore
1660 4049 1898 4126 navim,

1451 4276 1619 4312 mn.
1655 4266 1702 4312 1.
1725 4262 2004 4326 poscimus,
2027 4265 2169 4312 Bene.

2303 4197 2383 4249 15.
2407 4203 2644 4261 pascant.

2716 1661 2797 1721 10

2718 2234 2797 2294 15

2714 2808 2803 2870 20
