<?xml version="1.0" encoding="UTF-8"?>
<!DOCTYPE html PUBLIC "-//W3C//DTD XHTML 1.0 Transitional//EN"
    "http://www.w3.org/TR/xhtml1/DTD/xhtml1-transitional.dtd">
<html xmlns="http://www.w3.org/1999/xhtml" xml:lang="en" lang="en">
 <head>
  <title>
</title>
<meta http-equiv="Content-Type" content="text/html;charset=utf-8" />
  <meta name='ocr-system' content='tesseract 3.04.00' />
  <meta name='ocr-capabilities' content='ocr_page ocr_carea ocr_par ocr_line ocrx_word'/>
</head>
<body>
  <div class='ocr_page' id='page_1' title='image "./quintihoratifla03horagoog_0093.png"; bbox 0 0 3025 4776; ppageno 0'>
   <div class='ocr_carea' id='block_1_1' title="bbox 1048 254 2729 347">
    <p class='ocr_par' dir='ltr' id='par_1_1' title="bbox 1048 254 2729 347">
     <span class='ocr_line' id='line_1_1' title="bbox 1048 254 2729 347; baseline 0.004 -6"><span class='ocrx_word' id='word_1_1' title='bbox 1048 284 1493 343; x_wconf 76' lang='lat' dir='ltr'><em>CARMINUM</em></span> <span class='ocrx_word' id='word_1_2' title='bbox 1560 287 1717 344; x_wconf 72' lang='grc' dir='ltr'>ΜΒ.</span> <span class='ocrx_word' id='word_1_3' title='bbox 1759 288 1883 344; x_wconf 80' lang='grc' dir='ltr'>ΠΙ.</span> <span class='ocrx_word' id='word_1_4' title='bbox 1928 286 1998 345; x_wconf 80' lang='lat' dir='ltr'>vi.</span> <span class='ocrx_word' id='word_1_5' title='bbox 2486 254 2492 265; x_wconf 73' lang='grc'><em>’</em></span> <span class='ocrx_word' id='word_1_6' title='bbox 2659 292 2729 347; x_wconf 85' lang='lat'>61</span> 
     </span>
    </p>
   </div>
   <div class='ocr_carea' id='block_1_2' title="bbox 498 445 1846 891">
    <p class='ocr_par' dir='ltr' id='par_1_2' title="bbox 498 445 1846 891">
     <span class='ocr_line' id='line_1_2' title="bbox 657 445 1584 531; baseline 0.003 -22"><span class='ocrx_word' id='word_1_7' title='bbox 657 445 729 509; x_wconf 81' lang='lat' dir='ltr'>Si</span> <span class='ocrx_word' id='word_1_8' title='bbox 756 454 1004 531; x_wconf 80' lang='lat' dir='ltr'><strong>pugnat</strong></span> <span class='ocrx_word' id='word_1_9' title='bbox 1033 449 1342 514; x_wconf 80' lang='lat' dir='ltr'>extricata</span> <span class='ocrx_word' id='word_1_10' title='bbox 1370 450 1584 514; x_wconf 78' lang='lat' dir='ltr'>densis</span> 
     </span>
     <span class='ocr_line' id='line_1_3' title="bbox 739 558 1728 643; baseline 0.005 -22"><span class='ocrx_word' id='word_1_11' title='bbox 739 558 943 621; x_wconf 83' lang='lat' dir='ltr'>Cerva</span> <span class='ocrx_word' id='word_1_12' title='bbox 971 559 1196 643; x_wconf 86' lang='lat' dir='ltr'>plagis,</span> <span class='ocrx_word' id='word_1_13' title='bbox 1230 560 1353 624; x_wconf 87' lang='lat' dir='ltr'>erit</span> <span class='ocrx_word' id='word_1_14' title='bbox 1382 561 1489 624; x_wconf 83' lang='lat' dir='ltr'>ine</span> <span class='ocrx_word' id='word_1_15' title='bbox 1519 561 1728 641; x_wconf 80' lang='lat' dir='ltr'>fortis,</span> 
     </span>
     <span class='ocr_line' id='line_1_4' title="bbox 498 692 1846 777; baseline 0.003 -19"><span class='ocrx_word' id='word_1_16' title='bbox 498 696 541 726; x_wconf 89' lang='lat'><em>“</em></span> <span class='ocrx_word' id='word_1_17' title='bbox 560 692 694 758; x_wconf 78' lang='lat' dir='ltr'>Qui</span> <span class='ocrx_word' id='word_1_18' title='bbox 722 694 981 776; x_wconf 88' lang='lat' dir='ltr'>perfidis</span> <span class='ocrx_word' id='word_1_19' title='bbox 1011 717 1077 758; x_wconf 87' lang='lat' dir='ltr'>se</span> <span class='ocrx_word' id='word_1_20' title='bbox 1109 696 1381 760; x_wconf 79' lang='lat' dir='ltr'>credidit</span> <span class='ocrx_word' id='word_1_21' title='bbox 1410 697 1701 761; x_wconf 83' lang='lat' dir='ltr'>hostibus</span> <span class='ocrx_word' id='word_1_22' title='bbox 1724 725 1743 777; x_wconf 86' lang='lat'>;</span> <span class='ocrx_word' id='word_1_23' title='bbox 1838 708 1846 715; x_wconf 84' lang='lat'><em>&#39;</em></span> 
     </span>
     <span class='ocr_line' id='line_1_5' title="bbox 560 804 1733 891; baseline 0.005 -25"><span class='ocrx_word' id='word_1_24' title='bbox 560 804 650 867; x_wconf 83' lang='lat' dir='ltr'>Et</span> <span class='ocrx_word' id='word_1_25' title='bbox 678 804 899 868; x_wconf 85' lang='lat' dir='ltr'>Marte</span> <span class='ocrx_word' id='word_1_26' title='bbox 929 807 1166 871; x_wconf 86' lang='lat' dir='ltr'>Poenos</span> <span class='ocrx_word' id='word_1_27' title='bbox 1196 814 1480 891; x_wconf 83' lang='lat' dir='ltr'>proteret</span> <span class='ocrx_word' id='word_1_28' title='bbox 1509 809 1733 886; x_wconf 87' lang='lat' dir='ltr'>altero,</span> 
     </span>
    </p>
   </div>
   <div class='ocr_carea' id='block_1_3' title="bbox 300 915 1876 1112">
    <p class='ocr_par' dir='ltr' id='par_1_3' title="bbox 300 915 1876 1112">
     <span class='ocr_line' id='line_1_6' title="bbox 300 915 1568 982; baseline 0.007 -9"><span class='ocrx_word' id='word_1_29' title='bbox 300 915 385 974; x_wconf 87' lang='lat'>35</span> <span class='ocrx_word' id='word_1_30' title='bbox 650 915 778 981; x_wconf 78' lang='lat' dir='ltr'>Qui</span> <span class='ocrx_word' id='word_1_31' title='bbox 812 916 951 980; x_wconf 90' lang='lat' dir='ltr'>lora</span> <span class='ocrx_word' id='word_1_32' title='bbox 976 917 1287 981; x_wconf 81' lang='lat' dir='ltr'>restrictis</span> <span class='ocrx_word' id='word_1_33' title='bbox 1313 918 1568 982; x_wconf 85' lang='lat' dir='ltr'>lacertis</span> 
     </span>
     <span class='ocr_line' id='line_1_7' title="bbox 737 1028 1876 1112; baseline 0.004 -21"><span class='ocrx_word' id='word_1_34' title='bbox 737 1028 955 1092; x_wconf 83' lang='lat' dir='ltr'>Sensit</span> <span class='ocrx_word' id='word_1_35' title='bbox 982 1028 1172 1108; x_wconf 88' lang='lat' dir='ltr'>iners,</span> <span class='ocrx_word' id='word_1_36' title='bbox 1206 1029 1552 1112; x_wconf 83' lang='lat' dir='ltr'>timuitque</span> <span class='ocrx_word' id='word_1_37' title='bbox 1569 1037 1876 1095; x_wconf 90' lang='lat' dir='ltr'>mortem.</span> 
     </span>
    </p>
   </div>
   <div class='ocr_carea' id='block_1_4' title="bbox 500 1162 1733 1241">
    <p class='ocr_par' dir='ltr' id='par_1_4' title="bbox 500 1162 1733 1241">
     <span class='ocr_line' id='line_1_8' title="bbox 500 1162 1733 1241; baseline 0.003 -16"><span class='ocrx_word' id='word_1_38' title='bbox 500 1167 545 1197; x_wconf 88' lang='lat'><em>“</em></span> <span class='ocrx_word' id='word_1_39' title='bbox 567 1162 719 1241; x_wconf 91' lang='lat' dir='ltr'>Hic,</span> <span class='ocrx_word' id='word_1_40' title='bbox 752 1164 925 1228; x_wconf 88' lang='lat' dir='ltr'>unde</span> <span class='ocrx_word' id='word_1_41' title='bbox 953 1164 1155 1228; x_wconf 83' lang='lat' dir='ltr'>vitam</span> <span class='ocrx_word' id='word_1_42' title='bbox 1184 1174 1466 1229; x_wconf 88' lang='lat' dir='ltr'>sumeret</span> <span class='ocrx_word' id='word_1_43' title='bbox 1494 1165 1733 1229; x_wconf 91' lang='lat' dir='ltr'>inscius</span> 
     </span>
    </p>
   </div>
   <div class='ocr_carea' id='block_1_5' title="bbox 299 1271 2718 1734">
    <p class='ocr_par' dir='ltr' id='par_1_5' title="bbox 299 1271 2718 1734">
     <span class='ocr_line' id='line_1_9' title="bbox 561 1271 2718 1366; baseline -0.006 -28"><span class='ocrx_word' id='word_1_44' title='bbox 561 1275 794 1338; x_wconf 82' lang='lat' dir='ltr'>Pacem</span> <span class='ocrx_word' id='word_1_45' title='bbox 825 1275 1038 1340; x_wconf 89' lang='lat' dir='ltr'>duello</span> <span class='ocrx_word' id='word_1_46' title='bbox 1065 1276 1344 1340; x_wconf 87' lang='lat' dir='ltr'>miscuit.</span> <span class='ocrx_word' id='word_1_47' title='bbox 1434 1278 1492 1341; x_wconf 95' lang='lat' dir='ltr'>O</span> <span class='ocrx_word' id='word_1_48' title='bbox 1525 1277 1730 1361; x_wconf 88' lang='lat' dir='ltr'>pudor</span> <span class='ocrx_word' id='word_1_49' title='bbox 1755 1278 1770 1340; x_wconf 80' lang='lat'>1</span> <span class='ocrx_word' id='word_1_50' title='bbox 2323 1272 2422 1312; x_wconf 66' lang='lat'>‘¹⁸²0-</span> <span class='ocrx_word' id='word_1_51' title='bbox 2443 1271 2490 1313; x_wconf 71' lang='grc' dir='ltr'>Ο·</span> <span class='ocrx_word' id='word_1_52' title='bbox 2510 1275 2549 1364; x_wconf 57' lang='lat'>23</span> <span class='ocrx_word' id='word_1_53' title='bbox 2570 1274 2631 1364; x_wconf 42' lang='grc' dir='ltr'>ἐξ</span> <span class='ocrx_word' id='word_1_54' title='bbox 2651 1275 2718 1366; x_wconf 54' lang='lat'>3⁸</span> 
     </span>
     <span class='ocr_line' id='line_1_10' title="bbox 651 1372 2680 1471; baseline -0.01 -17"><span class='ocrx_word' id='word_1_55' title='bbox 651 1387 709 1451; x_wconf 93' lang='lat' dir='ltr'>O</span> <span class='ocrx_word' id='word_1_56' title='bbox 740 1406 975 1468; x_wconf 84' lang='lat' dir='ltr'>magna</span> <span class='ocrx_word' id='word_1_57' title='bbox 1003 1372 1361 1469; x_wconf 72' lang='lat' dir='ltr'>Carthago,⁷</span> <span class='ocrx_word' id='word_1_58' title='bbox 1383 1387 1703 1471; x_wconf 85' lang='lat' dir='ltr'>probrosis</span> <span class='ocrx_word' id='word_1_59' title='bbox 2450 1373 2503 1414; x_wconf 71' lang='grc' dir='ltr'>Β·</span> <span class='ocrx_word' id='word_1_60' title='bbox 2525 1375 2562 1416; x_wconf 91' lang='lat'>¹-</span> <span class='ocrx_word' id='word_1_61' title='bbox 2583 1378 2620 1416; x_wconf 80' lang='lat'>²·</span> <span class='ocrx_word' id='word_1_62' title='bbox 2642 1377 2680 1417; x_wconf 87' lang='lat'>⁷·</span> 
     </span>
     <span class='ocr_line' id='line_1_11' title="bbox 299 1494 1599 1567; baseline -0.016 0"><span class='ocrx_word' id='word_1_63' title='bbox 299 1494 394 1559; x_wconf 81' lang='grc'>40</span> <span class='ocrx_word' id='word_1_64' title='bbox 733 1496 948 1560; x_wconf 84' lang='lat' dir='ltr'>Altior</span> <span class='ocrx_word' id='word_1_65' title='bbox 977 1497 1191 1567; x_wconf 71' lang='lat' dir='ltr'>Italiae,</span> <span class='ocrx_word' id='word_1_66' title='bbox 1214 1498 1420 1562; x_wconf 72' lang='lat' dir='ltr'>ruinis</span> <span class='ocrx_word' id='word_1_67' title='bbox 1443 1499 1599 1562; x_wconf 65' lang='grc' dir='ltr'><strong><em>γ’...</em></strong></span> 
     </span>
     <span class='ocr_line' id='line_1_12' title="bbox 561 1632 2671 1734; baseline -0.008 -37"><span class='ocrx_word' id='word_1_68' title='bbox 561 1632 792 1695; x_wconf 82' lang='lat' dir='ltr'>Fertur</span> <span class='ocrx_word' id='word_1_69' title='bbox 820 1632 1067 1716; x_wconf 84' lang='lat' dir='ltr'>pudicae</span> <span class='ocrx_word' id='word_1_70' title='bbox 1096 1634 1387 1717; x_wconf 88' lang='lat' dir='ltr'>conjugis</span> <span class='ocrx_word' id='word_1_71' title='bbox 1417 1635 1729 1713; x_wconf 67' lang='lat' dir='ltr'>oscuium,</span> <span class='ocrx_word' id='word_1_72' title='bbox 2315 1675 2425 1727; x_wconf 44' lang='lat' dir='ltr'>W,</span> <span class='ocrx_word' id='word_1_73' title='bbox 2447 1675 2527 1727; x_wconf 37' lang='lat' dir='ltr'>Ep·</span> <span class='ocrx_word' id='word_1_74' title='bbox 2549 1676 2587 1734; x_wconf 36' lang='grc' dir='ltr'>εἴ</span> <span class='ocrx_word' id='word_1_75' title='bbox 2607 1677 2671 1717; x_wconf 38' lang='lat'>39·</span> 
     </span>
    </p>
   </div>
   <div class='ocr_carea' id='block_1_6' title="bbox 559 1741 1813 2049">
    <p class='ocr_par' dir='ltr' id='par_1_6' title="bbox 559 1741 1813 2049">
     <span class='ocr_line' id='line_1_13' title="bbox 559 1741 1784 1827; baseline 0.002 -23"><span class='ocrx_word' id='word_1_76' title='bbox 559 1741 925 1825; x_wconf 87' lang='lat' dir='ltr'>Parvosque</span> <span class='ocrx_word' id='word_1_77' title='bbox 955 1751 1161 1820; x_wconf 76' lang='lat' dir='ltr'>natOS,</span> <span class='ocrx_word' id='word_1_78' title='bbox 1194 1752 1269 1806; x_wconf 93' lang='lat' dir='ltr'>ut</span> <span class='ocrx_word' id='word_1_79' title='bbox 1298 1744 1524 1827; x_wconf 87' lang='lat' dir='ltr'>capitis</span> <span class='ocrx_word' id='word_1_80' title='bbox 1555 1744 1784 1822; x_wconf 89' lang='lat' dir='ltr'>minor,</span> 
     </span>
     <span class='ocr_line' id='line_1_14' title="bbox 644 1851 1624 1932; baseline 0.003 -17"><span class='ocrx_word' id='word_1_81' title='bbox 644 1851 751 1915; x_wconf 88' lang='lat' dir='ltr'>Ab</span> <span class='ocrx_word' id='word_1_82' title='bbox 781 1874 850 1915; x_wconf 91' lang='lat' dir='ltr'>se</span> <span class='ocrx_word' id='word_1_83' title='bbox 877 1853 1244 1932; x_wconf 87' lang='lat' dir='ltr'>removisse,</span> <span class='ocrx_word' id='word_1_84' title='bbox 1278 1863 1344 1918; x_wconf 92' lang='lat' dir='ltr'>et</span> <span class='ocrx_word' id='word_1_85' title='bbox 1373 1855 1624 1918; x_wconf 87' lang='lat' dir='ltr'>virilem</span> 
     </span>
     <span class='ocr_line' id='line_1_15' title="bbox 729 1963 1813 2049; baseline 0.003 -23"><span class='ocrx_word' id='word_1_86' title='bbox 729 1963 973 2027; x_wconf 84' lang='lat' dir='ltr'>Torvus</span> <span class='ocrx_word' id='word_1_87' title='bbox 1001 1964 1184 2027; x_wconf 89' lang='lat' dir='ltr'>humi</span> <span class='ocrx_word' id='word_1_88' title='bbox 1213 1965 1498 2049; x_wconf 88' lang='lat' dir='ltr'>posuisse</span> <span class='ocrx_word' id='word_1_89' title='bbox 1528 1966 1813 2043; x_wconf 77' lang='lat' dir='ltr'>voltum3</span> 
     </span>
    </p>
   </div>
   <div class='ocr_carea' id='block_1_7' title="bbox 290 2098 1895 2986">
    <p class='ocr_par' dir='ltr' id='par_1_7' title="bbox 290 2098 1895 2986">
     <span class='ocr_line' id='line_1_16' title="bbox 294 2098 1627 2167; baseline 0.003 -6"><span class='ocrx_word' id='word_1_90' title='bbox 294 2100 385 2161; x_wconf 85' lang='lat'>45</span> <span class='ocrx_word' id='word_1_91' title='bbox 556 2098 779 2163; x_wconf 91' lang='lat' dir='ltr'>Donec</span> <span class='ocrx_word' id='word_1_92' title='bbox 806 2100 1080 2164; x_wconf 89' lang='lat' dir='ltr'>labantis</span> <span class='ocrx_word' id='word_1_93' title='bbox 1110 2101 1373 2164; x_wconf 90' lang='lat' dir='ltr'>consilio</span> <span class='ocrx_word' id='word_1_94' title='bbox 1401 2103 1627 2167; x_wconf 88' lang='lat' dir='ltr'>Patres</span> 
     </span>
     <span class='ocr_line' id='line_1_17' title="bbox 558 2211 1895 2295; baseline 0.003 -23"><span class='ocrx_word' id='word_1_95' title='bbox 558 2211 876 2274; x_wconf 85' lang='lat' dir='ltr'>Firmaret</span> <span class='ocrx_word' id='word_1_96' title='bbox 907 2219 1128 2276; x_wconf 83' lang='lat' dir='ltr'>auctor</span> <span class='ocrx_word' id='word_1_97' title='bbox 1156 2234 1508 2295; x_wconf 81' lang='lat' dir='ltr'>numquam</span> <span class='ocrx_word' id='word_1_98' title='bbox 1542 2213 1696 2276; x_wconf 85' lang='lat' dir='ltr'>alias</span> <span class='ocrx_word' id='word_1_99' title='bbox 1725 2213 1895 2291; x_wconf 87' lang='lat' dir='ltr'>dato,</span> 
     </span>
     <span class='ocr_line' id='line_1_18' title="bbox 645 2322 1570 2406; baseline 0.001 -22"><span class='ocrx_word' id='word_1_100' title='bbox 645 2322 951 2406; x_wconf 88' lang='lat' dir='ltr'>Interque</span> <span class='ocrx_word' id='word_1_101' title='bbox 980 2323 1302 2386; x_wconf 82' lang='lat' dir='ltr'>maerentis</span> <span class='ocrx_word' id='word_1_102' title='bbox 1332 2323 1570 2387; x_wconf 90' lang='lat' dir='ltr'>amicos</span> 
     </span>
     <span class='ocr_line' id='line_1_19' title="bbox 727 2434 1663 2518; baseline 0.002 -21"><span class='ocrx_word' id='word_1_103' title='bbox 727 2434 1042 2517; x_wconf 82' lang='lat' dir='ltr'>Egregius</span> <span class='ocrx_word' id='word_1_104' title='bbox 1071 2442 1435 2518; x_wconf 89' lang='lat' dir='ltr'>properaret</span> <span class='ocrx_word' id='word_1_105' title='bbox 1464 2435 1663 2499; x_wconf 83' lang='lat' dir='ltr'>exsul.</span> 
     </span>
     <span class='ocr_line' id='line_1_20' title="bbox 558 2569 1715 2653; baseline 0.003 -21"><span class='ocrx_word' id='word_1_106' title='bbox 558 2569 758 2651; x_wconf 88' lang='lat' dir='ltr'>Atqui</span> <span class='ocrx_word' id='word_1_107' title='bbox 787 2569 1047 2645; x_wconf 88' lang='lat' dir='ltr'>sciebat,</span> <span class='ocrx_word' id='word_1_108' title='bbox 1081 2591 1225 2653; x_wconf 82' lang='lat' dir='ltr'>quae</span> <span class='ocrx_word' id='word_1_109' title='bbox 1254 2570 1377 2633; x_wconf 91' lang='lat' dir='ltr'>sibi</span> <span class='ocrx_word' id='word_1_110' title='bbox 1406 2570 1715 2635; x_wconf 85' lang='lat' dir='ltr'>barbarus</span> 
     </span>
     <span class='ocr_line' id='line_1_21' title="bbox 290 2679 1743 2763; baseline 0.003 -23"><span class='ocrx_word' id='word_1_111' title='bbox 290 2681 379 2740; x_wconf 83' lang='lat'>50</span> <span class='ocrx_word' id='word_1_112' title='bbox 553 2679 782 2743; x_wconf 84' lang='lat' dir='ltr'>Tortor</span> <span class='ocrx_word' id='word_1_113' title='bbox 808 2687 1060 2763; x_wconf 83' lang='lat' dir='ltr'>pararet</span> <span class='ocrx_word' id='word_1_114' title='bbox 1082 2707 1101 2758; x_wconf 82' lang='lat'>3</span> <span class='ocrx_word' id='word_1_115' title='bbox 1148 2702 1283 2744; x_wconf 91' lang='lat' dir='ltr'>non</span> <span class='ocrx_word' id='word_1_116' title='bbox 1312 2682 1497 2745; x_wconf 90' lang='lat' dir='ltr'>aliter</span> <span class='ocrx_word' id='word_1_117' title='bbox 1524 2690 1743 2747; x_wconf 89' lang='lat' dir='ltr'>tamen</span> 
     </span>
     <span class='ocr_line' id='line_1_22' title="bbox 640 2791 1725 2876; baseline 0.003 -22"><span class='ocrx_word' id='word_1_118' title='bbox 640 2791 926 2855; x_wconf 85' lang='lat' dir='ltr'>Dimovit</span> <span class='ocrx_word' id='word_1_119' title='bbox 958 2791 1287 2856; x_wconf 88' lang='lat' dir='ltr'>obstantes</span> <span class='ocrx_word' id='word_1_120' title='bbox 1317 2793 1725 2876; x_wconf 87' lang='lat' dir='ltr'>propinquos,</span> 
     </span>
     <span class='ocr_line' id='line_1_23' title="bbox 725 2902 1838 2986; baseline 0.004 -22"><span class='ocrx_word' id='word_1_121' title='bbox 725 2902 813 2964; x_wconf 88' lang='lat' dir='ltr'>Et</span> <span class='ocrx_word' id='word_1_122' title='bbox 840 2903 1149 2986; x_wconf 75' lang='lat' dir='ltr'>populum</span> <span class='ocrx_word' id='word_1_123' title='bbox 1177 2903 1424 2967; x_wconf 88' lang='lat' dir='ltr'>reditus</span> <span class='ocrx_word' id='word_1_124' title='bbox 1455 2913 1838 2984; x_wconf 89' lang='lat' dir='ltr'>morantem,</span> 
     </span>
    </p>
   </div>
   <div class='ocr_carea' id='block_1_8' title="bbox 287 3037 1845 3436">
    <p class='ocr_par' dir='ltr' id='par_1_8' title="bbox 287 3037 1845 3436">
     <span class='ocr_line' id='line_1_24' title="bbox 556 3037 1702 3123; baseline 0.002 -21"><span class='ocrx_word' id='word_1_125' title='bbox 556 3037 768 3103; x_wconf 82' lang='lat' dir='ltr'>Quam</span> <span class='ocrx_word' id='word_1_126' title='bbox 798 3037 852 3099; x_wconf 92' lang='lat' dir='ltr'>si</span> <span class='ocrx_word' id='word_1_127' title='bbox 883 3037 1189 3100; x_wconf 88' lang='lat' dir='ltr'>clientum</span> <span class='ocrx_word' id='word_1_128' title='bbox 1220 3040 1416 3122; x_wconf 88' lang='lat' dir='ltr'>longa</span> <span class='ocrx_word' id='word_1_129' title='bbox 1444 3040 1702 3123; x_wconf 87' lang='lat' dir='ltr'>negotia</span> 
     </span>
     <span class='ocr_line' id='line_1_25' title="bbox 549 3147 1484 3233; baseline 0.002 -21"><span class='ocrx_word' id='word_1_130' title='bbox 549 3148 658 3230; x_wconf 85' lang='lat' dir='ltr'>Dij</span> <span class='ocrx_word' id='word_1_131' title='bbox 666 3147 921 3212; x_wconf 88' lang='lat' dir='ltr'>udicata</span> <span class='ocrx_word' id='word_1_132' title='bbox 948 3147 1063 3212; x_wconf 87' lang='lat' dir='ltr'>lite</span> <span class='ocrx_word' id='word_1_133' title='bbox 1092 3149 1484 3233; x_wconf 89' lang='lat' dir='ltr'>relinqueret</span> 
     </span>
     <span class='ocr_line' id='line_1_26' title="bbox 287 3260 1701 3344; baseline 0.001 -21"><span class='ocrx_word' id='word_1_134' title='bbox 287 3266 372 3325; x_wconf 85' lang='lat'>55</span> <span class='ocrx_word' id='word_1_135' title='bbox 636 3260 929 3324; x_wconf 81' lang='lat' dir='ltr'>Tendens</span> <span class='ocrx_word' id='word_1_136' title='bbox 960 3261 1365 3324; x_wconf 87' lang='lat' dir='ltr'>Venafranos</span> <span class='ocrx_word' id='word_1_137' title='bbox 1394 3261 1464 3324; x_wconf 92' lang='lat' dir='ltr'>in</span> <span class='ocrx_word' id='word_1_138' title='bbox 1494 3282 1701 3344; x_wconf 88' lang='lat' dir='ltr'>agros,</span> 
     </span>
     <span class='ocr_line' id='line_1_27' title="bbox 723 3369 1845 3436; baseline 0.004 -4"><span class='ocrx_word' id='word_1_139' title='bbox 723 3370 858 3433; x_wconf 87' lang='lat' dir='ltr'>Aut</span> <span class='ocrx_word' id='word_1_140' title='bbox 887 3369 1447 3435; x_wconf 78' lang='lat' dir='ltr'>Lacedaemonium</span> <span class='ocrx_word' id='word_1_141' title='bbox 1476 3372 1845 3436; x_wconf 82' lang='lat' dir='ltr'>Tarentum.</span> 
     </span>
    </p>
   </div>
   <div class='ocr_carea' id='block_1_9' title="bbox 545 3420 2706 4076">
    <p class='ocr_par' dir='ltr' id='par_1_9' title="bbox 2313 3420 2644 3470">
     <span class='ocr_line' id='line_1_28' title="bbox 2313 3420 2644 3470; baseline 0.006 -10"><span class='ocrx_word' id='word_1_142' title='bbox 2313 3423 2373 3470; x_wconf 77' lang='lat'>⁵6-</span> <span class='ocrx_word' id='word_1_143' title='bbox 2396 3420 2442 3460; x_wconf 89' lang='lat' dir='ltr'>c.</span> <span class='ocrx_word' id='word_1_144' title='bbox 2464 3423 2500 3462; x_wconf 84' lang='lat'>2.</span> <span class='ocrx_word' id='word_1_145' title='bbox 2522 3423 2558 3460; x_wconf 79' lang='lat' dir='ltr'>o.</span> <span class='ocrx_word' id='word_1_146' title='bbox 2583 3423 2644 3462; x_wconf 87' lang='lat'>11.</span> 
     </span>
    </p>

    <p class='ocr_par' dir='ltr' id='par_1_10' title="bbox 545 3829 2706 4076">
     <span class='ocr_line' id='line_1_29' title="bbox 545 3829 2706 3936; baseline 0.008 -43"><span class='ocrx_word' id='word_1_147' title='bbox 545 3829 847 3894; x_wconf 70' lang='lat' dir='ltr'>Damon</span> <span class='ocrx_word' id='word_1_148' title='bbox 875 3832 1192 3914; x_wconf 85' lang='lat' dir='ltr'>majorum</span> <span class='ocrx_word' id='word_1_149' title='bbox 1227 3832 1586 3897; x_wconf 85' lang='lat' dir='ltr'>immeritus</span> <span class='ocrx_word' id='word_1_150' title='bbox 1614 3835 1774 3914; x_wconf 88' lang='lat' dir='ltr'>lues,</span> <span class='ocrx_word' id='word_1_151' title='bbox 2308 3883 2424 3925; x_wconf 51' lang='lat' dir='ltr'>,mm</span> <span class='ocrx_word' id='word_1_152' title='bbox 2447 3885 2548 3936; x_wconf 86' lang='lat' dir='ltr'>c.:1.</span> <span class='ocrx_word' id='word_1_153' title='bbox 2567 3887 2706 3926; x_wconf 48' lang='lat'>2330,</span> 
     </span>
     <span class='ocr_line' id='line_1_30' title="bbox 546 3940 2639 4026; baseline 0.009 -24"><span class='ocrx_word' id='word_1_154' title='bbox 546 3940 855 4018; x_wconf 86' lang='lat' dir='ltr'>Romane,</span> <span class='ocrx_word' id='word_1_155' title='bbox 889 3941 1093 4006; x_wconf 87' lang='lat' dir='ltr'>donec</span> <span class='ocrx_word' id='word_1_156' title='bbox 1122 3944 1364 4026; x_wconf 87' lang='lat' dir='ltr'>templa</span> <span class='ocrx_word' id='word_1_157' title='bbox 1391 3945 1709 4024; x_wconf 82' lang='lat' dir='ltr'>refeceris,</span> <span class='ocrx_word' id='word_1_158' title='bbox 2310 3996 2347 4024; x_wconf 74' lang='lat'>2,</span> <span class='ocrx_word' id='word_1_159' title='bbox 2371 3985 2411 4025; x_wconf 79' lang='lat' dir='ltr'>s,</span> <span class='ocrx_word' id='word_1_160' title='bbox 2433 3988 2470 4024; x_wconf 78' lang='lat'>2,</span> <span class='ocrx_word' id='word_1_161' title='bbox 2492 3988 2529 4024; x_wconf 77' lang='lat'>2,</span> <span class='ocrx_word' id='word_1_162' title='bbox 2554 3988 2639 4025; x_wconf 58' lang='grc' dir='ltr'>ιω.</span> 
     </span>
     <span class='ocr_line' id='line_1_31' title="bbox 2379 4036 2656 4076; baseline 0 -1"><span class='ocrx_word' id='word_1_163' title='bbox 2379 4036 2427 4076; x_wconf 88' lang='lat' dir='ltr'>C.</span> <span class='ocrx_word' id='word_1_164' title='bbox 2449 4038 2484 4075; x_wconf 77' lang='grc'>2.</span> <span class='ocrx_word' id='word_1_165' title='bbox 2509 4038 2569 4076; x_wconf 73' lang='lat'>15.</span> <span class='ocrx_word' id='word_1_166' title='bbox 2594 4040 2656 4075; x_wconf 71' lang='grc'>2.).</span> 
     </span>
    </p>
   </div>
   <div class='ocr_carea' id='block_1_10' title="bbox 630 4051 1728 4245">
    <p class='ocr_par' dir='ltr' id='par_1_11' title="bbox 630 4051 1728 4245">
     <span class='ocr_line' id='line_1_32' title="bbox 630 4051 1675 4135; baseline 0.005 -20"><span class='ocrx_word' id='word_1_167' title='bbox 630 4051 942 4135; x_wconf 83' lang='lat' dir='ltr'>AEdisque</span> <span class='ocrx_word' id='word_1_168' title='bbox 970 4053 1259 4116; x_wconf 85' lang='lat' dir='ltr'>labentes</span> <span class='ocrx_word' id='word_1_169' title='bbox 1289 4053 1577 4133; x_wconf 88' lang='lat' dir='ltr'>deorum,</span> <span class='ocrx_word' id='word_1_170' title='bbox 1609 4064 1675 4120; x_wconf 91' lang='lat' dir='ltr'>et</span> 
     </span>
     <span class='ocr_line' id='line_1_33' title="bbox 717 4162 1728 4245; baseline 0.005 -20"><span class='ocrx_word' id='word_1_171' title='bbox 717 4162 919 4226; x_wconf 86' lang='lat' dir='ltr'>Foeda</span> <span class='ocrx_word' id='word_1_172' title='bbox 944 4162 1132 4245; x_wconf 85' lang='lat' dir='ltr'>nigro</span> <span class='ocrx_word' id='word_1_173' title='bbox 1162 4163 1501 4227; x_wconf 88' lang='lat' dir='ltr'>simulacra</span> <span class='ocrx_word' id='word_1_174' title='bbox 1529 4164 1728 4230; x_wconf 83' lang='lat' dir='ltr'>fum0.</span> 
     </span>
    </p>
   </div>
   <div class='ocr_carea' id='block_1_11' title="bbox 376 4296 2181 4359">
    <p class='ocr_par' dir='ltr' id='par_1_12' title="bbox 376 4296 2181 4359">
     <span class='ocr_line' id='line_1_34' title="bbox 376 4296 2181 4359; baseline 0.003 -15"><span class='ocrx_word' id='word_1_175' title='bbox 376 4296 459 4347; x_wconf 79' lang='lat'>37.</span> <span class='ocrx_word' id='word_1_176' title='bbox 495 4298 686 4359; x_wconf 81' lang='lat' dir='ltr'>aptius.</span> <span class='ocrx_word' id='word_1_177' title='bbox 821 4300 906 4349; x_wconf 81' lang='lat'>45.</span> <span class='ocrx_word' id='word_1_178' title='bbox 940 4300 1197 4348; x_wconf 83' lang='lat' dir='ltr'>labantes.</span> <span class='ocrx_word' id='word_1_179' title='bbox 1332 4298 1413 4349; x_wconf 80' lang='lat'>47.</span> <span class='ocrx_word' id='word_1_180' title='bbox 1449 4307 1741 4351; x_wconf 83' lang='lat' dir='ltr'>maerentcs.</span> <span class='ocrx_word' id='word_1_181' title='bbox 1942 4306 1989 4353; x_wconf 84' lang='grc'>3.</span> <span class='ocrx_word' id='word_1_182' title='bbox 2026 4301 2181 4350; x_wconf 78' lang='lat' dir='ltr'>aedes-</span> 
     </span>
    </p>
   </div>
  </div>
 </body>
</html>
