3025 4776
1011 255 1485 312 SATJRARUM
1545 257 1698 313 LIB.
1754 258 1843 314 ΙΙ.
1889 258 1945 314 ii.
2614 266 2720 321 169

295 423 377 482 95
469 418 758 501 Occupat
788 417 1136 512 humanum
1163 444 1178 482 ι
1225 418 1494 500 grandes
1524 419 1776 483 rhombi
1805 420 2165 503 patinaeque

469 527 728 593 Grande
759 527 976 591 ferunt
1006 550 1137 592 una
1166 549 1314 591 cum
1345 529 1581 593 damno
1611 529 1882 592 dedecus
1905 557 1924 608 3
1973 530 2134 594 adde
2639 603 2654 618 ·

467 638 722 701 Iratum
751 647 1075 721 patruum,
1106 638 1367 716 vicinos,
1399 646 1467 702 te
1496 639 1616 702 tibi
1646 639 1939 721 iniquum
2307 647 2409 696 pat.
2430 645 2477 736 g:
2496 648 2535 736 ἐξ
2554 647 2676 737 ἐξὲξ

466 749 554 812 Et
583 749 823 812 frustra
852 749 1076 813 mortis
1107 748 1431 833 cupidum,
1466 770 1615 812 cum
1645 749 1847 812 deerit
1877 751 2093 832 egenti

467 863 581 939 As,
613 861 824 945 laquei
852 861 1150 944 pretium.
1242 861 1283 922 J
1287 881 1421 938 ure,
1451 860 1682 943 inquit,
1716 861 2019 923 Trausius
2058 860 2200 924 istis

300 973 425 1034 100
470 974 511 1035 J
516 980 791 1054 urgetur
818 972 1027 1035 verbis
1050 997 1069 1049 ς
1117 992 1236 1054 ego
1265 971 1597 1053 vectigalia
1627 992 1860 1053 magna
2313 991 2693 1033 vec.0.3.16.40.

465 1082 864 1163 Divitissque
893 1081 1100 1145 habeo
1129 1081 1334 1145 tribus
1364 1081 1605 1163 amplas
1636 1081 1911 1163 regibus.
2002 1082 2196 1164 Erg0,

469 1190 662 1257 Qu‘od
693 1197 950 1274 superat
979 1213 1112 1254 non
1140 1199 1237 1254 est
1265 1191 1493 1254 melius
1526 1212 1653 1272 quo
1682 1191 2004 1255 insumere
2033 1192 2282 1275 possis?

468 1304 601 1366 Cur
629 1311 774 1384 eget
803 1301 1107 1384 indiguus
1139 1302 1473 1384 quisquam
1504 1308 1571 1365 te
1601 1301 1848 1365 divite?
1898 1324 2093 1384 quare

466 1411 729 1493 Templa
757 1420 955 1474 ruunt
987 1411 1252 1493 antiqua
1279 1410 1471 1473 deum
1495 1411 1525 1472 ’.Ρ
1571 1432 1706 1489 eur,
1738 1411 2047 1495 improbe,
2080 1432 2241 1475 carae
2315 1447 2402 1486 104.
2423 1434 2471 1475 o.
2492 1437 2528 1474 ³.
2547 1436 2585 1474 ⁶.
2606 1435 2644 1475 2.

298 1524 418 1583 105
464 1522 617 1585 Non
650 1520 888 1603 aliquid
913 1521 1133 1603 patriae
1161 1529 1345 1584 tanto
1375 1521 1657 1584 emetiris
1687 1523 1958 1585 acervo?
2314 1534 2689 1625 23‘23214333

468 1635 601 1699 Uni
630 1635 935 1697 nimirum
965 1642 1137 1698 recte
1166 1635 1288 1698 tibi
1316 1655 1566 1716 semper
1594 1643 1782 1697 erunt
1811 1656 1932 1699 res.

468 1746 526 1808 O
556 1765 829 1827 magnus
858 1743 1121 1826 posthac
1148 1742 1424 1806 inimicis
1452 1742 1619 1805 risus
1647 1744 1661 1806 !
1755 1746 2004 1808 Uterne

460 1854 567 1918 Ad
597 1876 780 1918 casus
811 1854 1037 1918 dubios
1067 1854 1222 1916 fide't
1252 1852 1373 1917 sibi
1403 1853 1690 1916 certius?
1741 1853 1844 1917 hic
1877 1854 1991 1937 qui

464 1965 766 2028 Pluribus
796 1964 1076 2027 adsuerit
1104 1970 1388 2026 mentem
1422 1983 1773 2046 corpusque
1803 1964 2167 2046 superbum,

271 2078 421 2161 ,110
466 2077 570 2138 An
599 2075 710 2157 qui
739 2082 1078 2138 contentus
1107 2094 1298 2157 parvo
1326 2081 1745 2155 metuensque
1775 2073 1999 2152 futuri,

466 2187 551 2250 In
578 2206 731 2269 paee
764 2193 832 2248 ut
861 2184 1109 2268 sapiens
1140 2183 1372 2268 aptarit
1400 2182 1630 2246 idonea
1657 2182 1825 2245 bello
1850 2181 1878 2245 1³

552 2408 700 2474 Quo
752 2405 955 2488 magis
1002 2404 1102 2468 his
1155 2404 1393 2485 eredas,
1446 2426 1607 2488 puer
1655 2403 1829 2467 hunc
1881 2424 2001 2486 ego
2054 2423 2281 2486 parvus

724 2516 1000 2580 Ofellam

463 2626 743 2709 Integris
772 2626 997 2709 opibus
1027 2624 1174 2687 novi
1203 2645 1336 2687 non
1364 2624 1558 2687 latius
1587 2645 1776 2686 usum

465 2736 882 2802 Quam-nunc
912 2734 1153 2798 accisis.
1243 2733 1483 2798 Videas
1514 2742 1755 2797 metato
1784 2733 1850 2795 in
1882 2733 2084 2816 agello

295 2847 325 2908 1
340 2849 416 2908 15
465 2847 631 2910 Cum
662 2866 884 2927 pecore
914 2853 980 2908 et
1009 2845 1220 2927 gnatis
1249 2844 1479 2908 fortem
1511 2845 1801 2908 mercede
1832 2844 2127 2907 colonum
2154 2868 2168 2906 ε

466 2954 622 3017 Non
650 2975 787 3036 eg0,
822 2962 1207 3029 narrantem,
1240 2961 1478 3017 temere
1508 2953 1611 3017 edi
1641 2954 1781 3017 luce
1810 2952 2088 3036 profesta
2301 2979 2699 3031 pro.0.4.15.z5.

464 3065 830 3146 Quicquam
859 3072 1091 3148 praeter
1119 3064 1260 3126 olus
1289 3063 1558 3127 fumosae
1590 3084 1737 3127 eum
1766 3063 1927 3145 pede
1957 3084 2191 3146 pemae.

459 3176 552 3238 At
583 3174 745 3237 mihi
775 3196 889 3237 seu
918 3175 1183 3256 longum
1212 3182 1355 3257 post
1386 3182 1639 3257 tempus
1668 3181 1929 3236 venerat
1961 3174 2192 3255 hospes

464 3286 611 3349 Sive
642 3307 905 3369 operum
935 3306 1134 3348 vacuo
1164 3292 1383 3367 gratus
1413 3284 1675 3348 conviva
1702 3304 1817 3365 per
1845 3283 2120 3345 imbrem

292 3396 418 3457 120
462 3395 756 3472 Vicinus,
787 3395 951 3458 bene
982 3402 1118 3458 erat
1147 3416 1279 3457 non
1308 3393 1586 3476 piscibus
1615 3394 1774 3457 urbe
1805 3392 2021 3475 petitis

462 3505 589 3569 Sed
618 3506 793 3588 pullo
825 3512 1016 3587 atque
1045 3504 1230 3568 haedo
1254 3530 1272 3581 3
1318 3512 1461 3567 tum
1490 3504 1748 3587 pensilis
1780 3525 1902 3566 uva
1930 3502 2236 3566 secundas

459 3617 547 3678 Et
573 3637 708 3678 nux
740 3616 1008 3679 ornabat
1037 3635 1288 3677 mensas
1318 3635 1466 3678 cum
1496 3614 1747 3698 duplice
1786 3614 1931 3677 ficu.

459 3726 616 3790 Post
652 3727 773 3790 hoc
801 3725 991 3789 ludus
1022 3733 1158 3789 erat
1189 3725 1374 3808 culpa
1402 3732 1620 3808 potare
1647 3724 1974 3807 magistra,

444 3839 557 3902 ‚Ac
587 3845 886 3901 venerata
915 3838 1129 3915 Ceres,
1163 3836 1255 3900 ita
1283 3837 1494 3901 culmo
1524 3845 1812 3919 surgeret
1843 3838 1994 3914 alto,

289 3935 412 4009 125
460 3948 962 4046 Explicuit-vino
992 3954 1335 4012 contractae
1364 3947 1526 4010 seria
1555 3946 1802 4011 frontis.
2310 3979 2691 4032 „5023-2210,

463 4056 694 4120 Saeviat
724 4065 917 4139 atque
947 4077 1143 4121 novos
1171 4063 1425 4119 moveat
1455 4054 1716 4120 fortuna
1743 4056 2062 4120 tumultus
2090 4079 2103 4118 ε

1104 4216 1186 4266 95.
1221 4220 1456 4279 occupet.
