3025 4776
1221 259 1558 320 EPODON
1633 259 1706 315 X.

429 432 808 518 capaciores
838 428 995 493 affer
1021 429 1168 505 hue,
1202 438 1379 511 puer,
1412 422 1704 508 scyphos,

514 546 604 608 Et
635 541 799 609 Chia
826 540 975 604 vina
1004 547 1117 603 aut
1147 536 1398 602 Lesbia.

256 661 340 722 35
432 656 578 732 Vel,
614 651 785 736 quod
814 651 1123 714 fluentem
1152 667 1457 710 nauseam
1487 647 1796 720 coereeat,

515 764 757 829 Metire
787 762 969 826 nobis
1019 759 1387 824 Caecubum.

405 930 409 937 .
433 879 671 943 Curam
700 878 1077 954 metumque
1108 867 1376 932 Caesaris
1405 886 1621 929 rerum
1640 864 1825 948 juvat

520 984 717 1049 Dulci
746 984 944 1069 Lyaeo
974 981 1235 1045 solvere.

1220 1359 1304 1422 X.

440 1516 647 1579 MALA
678 1512 888 1577 soluta
916 1509 1096 1573 navis
1127 1507 1259 1572 exit
1289 1507 1460 1584 alite,

526 1628 762 1690 Ferens
793 1624 1073 1686 olentem
1104 1618 1435 1682 Maevium.

441 1739 539 1802 Ut
571 1734 843 1800 horridis
873 1740 1220 1814 utrumque
1249 1730 1539 1792 verberes
1567 1727 1755 1803 latus,

528 1850 787 1923 Auster,
819 1850 1145 1906 memento
1178 1840 1496 1903 fluctibus.

317 1966 355 2024 5
445 1959 653 2041 Niger
680 1955 968 2019 rudentis
998 1955 1231 2028 Eurus,
1266 1951 1517 2013 inverso
1545 1947 1727 2023 mari,

537 2071 924 2149 Fractosque
952 2083 1162 2127 remos
1190 2061 1442 2124 differat
1464 2085 1483 2136 3

449 2181 753 2262 Insurgat
783 2175 1040 2259 Aquilo,
1077 2180 1354 2257 quantus
1385 2170 1532 2233 altis
1561 2167 1887 2231 montibus

537 2288 806 2371 Frangit
835 2268 1181 2350 trementes
1212 2282 1384 2345 ilices
1407 2307 1425 2358 3

449 2404 593 2467 Nee
623 2400 798 2464 sidus
830 2405 970 2461 atra
997 2402 1186 2459 nocte
1216 2393 1496 2457 amicum
1529 2396 1847 2474 appareat,

284 2519 364 2579 10
539 2516 687 2580 Qua
716 2510 919 2573 tristis
952 2507 1155 2571 Orion
1185 2505 1356 2568 cadit
1379 2531 1398 2581 3

454 2623 785 2692 Quietiore
814 2641 934 2684 nee
964 2619 1207 2682 feratur
1237 2635 1511 2699 aequore,

541 2737 755 2801 Quam
788 2731 985 2797 Graia
1012 2730 1325 2793 victorum
1356 2747 1604 2802 manus,

458 2846 627 2910 Cum
661 2833 875 2909 Pallas
904 2849 1051 2905 usto
1080 2840 1270 2903 vertit
1298 2839 1459 2901 iram
1491 2836 1571 2899 ab
1603 2835 1726 2898 Ilio

540 2958 627 3020 In
656 2955 919 3038 impiam
949 2952 1168 3036 Ajaeis
1199 2956 1425 3012 ratem.

290 3074 367 3133 15
457 3071 516 3134 Ο
549 3075 829 3151 quantus
858 3066 1059 3127 instat
1087 3062 1318 3125 navitis
1349 3059 1543 3122 sudor
1574 3057 1725 3133 tuis,

543 3178 815 3260 Tibique
846 3176 1045 3259 pallor
1073 3173 1303 3249 luteuS‚

457 3292 546 3354 Et
574 3289 687 3352 illa
715 3308 847 3350 non
878 3285 1072 3350 virilis
1103 3283 1386 3367 ejulatio,

432 3436 446 3452 ·
551 3403 773 3463 Preces
805 3406 870 3462 et
901 3418 1192 3460 aversum
1225 3394 1305 3457 ad
1336 3396 1375 3457 J
1381 3413 1587 3468 ovem,

462 3511 687 3575 Ionius
716 3508 845 3572 udo
875 3529 1076 3591 quum
1107 3505 1471 3588 remugiens
1501 3503 1680 3566 sinus

287 3624 375 3685 20
544 3622 726 3685 Noto
757 3619 1040 3682 carinam
1074 3616 1320 3700 ruperit
1349 3617 1363 3678 1

463 3731 695 3816 Opima
725 3729 896 3813 quod
927 3730 982 3792 si
1010 3728 1224 3812 praeda
1252 3748 1443 3789 curvo
1472 3725 1660 3789 litore

501 3861 515 3878 ⁸
550 3846 856 3908 Porreota
887 3863 1139 3924 mergos
1162 3839 1423 3924 juveris,

468 3957 880 4021 Libidinosus
907 3952 1344 4017 immolabitur
1374 3969 1560 4032 caper

553 4069 642 4132 Et
672 4088 841 4150 agna
872 4061 1402 4148 Tempestatibus,

520 4228 567 4281 5.
600 4230 868 4277 rudentes.
1003 4227 1082 4272 22.
1108 4223 1351 4284 projecta,
1377 4222 1517 4268 Beni.
1657 4221 1720 4269 ib.
1735 4216 1948 4280 juverit,
1975 4218 2033 4264 Β.

2571 255 2672 310 121

2280 453 2344 492 ³³·
2366 440 2408 480 Β.
2429 440 2467 481 2.
2486 440 2525 480 e.
2545 440 2610 481 35.

2285 555 2381 597 cm.
2402 555 2450 598 e.
2469 557 2507 597 3.
2531 556 2591 597 19.
2611 556 2651 597 ⁶.

2292 1851 2399 1893 Aue.
2419 1852 2467 1893 C.
2486 1853 2524 1892 3.
2541 1851 2603 1891 27.
2624 1850 2688 1891 22.

2295 1953 2404 1994 Eur.
2427 1952 2474 1991 C.
2495 1955 2532 1992 3.
2551 1951 2689 1991 17.11.

2431 2003 2511 2052 Ep.
2535 2003 2595 2041 16.
2617 2003 2679 2042 54.

2295 2102 2377 2154 dis.
2399 2102 2480 2153 Ep.
2501 2104 2538 2143 5.
2558 2102 2622 2141 99.

2303 2501 2398 2550 Ori.
2420 2501 2467 2540 C.
2490 2500 2526 2540 1.
2546 2500 2609 2538 28.
2630 2498 2693 2538 21.

2489 2553 2526 2592 3.
2547 2549 2608 2589 27.
2632 2550 2694 2590 18.

2311 3086 2370 3129 15.
2392 3077 2439 3117 C.
2461 3076 2496 3116 1.
2519 3075 2578 3114 15.
2599 3075 2638 3114 9.

2317 3429 2375 3468 18.
2397 3424 2447 3466 C.
2467 3426 2504 3464 3.
2526 3424 2588 3462 29.
2610 3424 2673 3461 58.
