3025 4776
1105 317 1551 375 CARMINUM
1617 318 1775 375 LIB.
1818 319 1874 375 I.
1918 316 2030 375 xvi.
2697 321 2767 376 15

531 487 702 563 Heu,
734 484 863 548 heu
891 483 906 547 Ι
957 467 1239 565 quantus
1268 485 1473 567 equis,
1506 491 1784 568 quantus
1813 484 1996 550 adest
2023 486 2176 551 viris
2373 507 2681 560 9.131›.1o.15.

358 599 443 661 10
532 580 777 661 Sudor!
828 600 1067 677 quanta
1094 614 1312 658 moves
1340 594 1567 658 funera
1593 594 1914 660 Dardanae
2411 610 2424 615 ·

531 706 731 772 Genti
758 705 773 768 1
825 707 867 768 J
871 727 976 768 am
1006 704 1255 788 galeam
1286 706 1497 768 Pallas
1529 714 1595 769 et
1625 705 1830 788 aegida
2069 759 2077 763 ,
2373 745 2454 785 aeo.
2481 733 2530 776 c,
2548 735 2587 776 a,
2605 734 2644 776 4
2663 733 2729 777 ω,

616 818 987 898 Currusque
1017 822 1083 880 et
1110 814 1355 878 rabiem
1384 822 1591 898 parat.

529 948 964 1032 Nequiquam,
997 947 1269 1012 Veneris
1299 948 1592 1031 praesidio
1628 948 1828 1027 ferox,

533 1062 759 1124 Pectes
789 1058 1110 1122 caesariem
1113 1105 1133 1136 ,
1166 1065 1474 1141 grataque
1504 1058 1761 1137 feminis

366 1172 446 1232 15
538 1168 794 1232 Imbelli
826 1167 1074 1232 cithara
1099 1168 1386 1232 carmina
1414 1167 1700 1247 divides3

619 1278 1032 1361 Nequiquam
1061 1277 1347 1341 thalamo
1377 1298 1599 1360 graves

536 1412 775 1475 Hastae
803 1420 869 1475 et
898 1411 1126 1476 calami
1155 1411 1401 1495 spicula
1430 1411 1662 1501 Cnosii:
2382 1451 2512 1494 cm.
2532 1450 2581 1493 ρ,
2600 1451 2639 1493 4
2658 1450 2774 1492 9⁶17,

536 1522 813 1600 vitabis,
845 1521 1328 1605 strepitumque,
1360 1529 1427 1584 et
1457 1522 1727 1585 celerem
1756 1521 1938 1605 sequi

534 1633 844 1716 Ajacem,
889 1639 1132 1711 tamen,
1161 1631 1312 1709 heu,
1346 1652 1524 1694 serus
1553 1631 1877 1695 adulteros

361 1745 450 1807 20
624 1744 851 1808 Crines
879 1745 1137 1827 pulvere
1167 1743 1446 1808 collines.

2383 1809 2446 1840 ιο.
2467 1796 2515 1839 C.
2534 1796 2573 1838 4.
2590 1797 2629 1837 6.
2650 1795 2714 1837 1².

537 1878 695 1956 Non
724 1879 1130 1958 Laertiaden,
1162 1880 1429 1943 exitium
1456 1887 1590 1944 tuae

542 1989 766 2067 Genti,
796 2011 929 2053 non
958 1989 1218 2072 Pylium
1246 1990 1532 2053 Nestora
1558 1987 1819 2073 respicis
1841 1988 1872 2049 Ῥ

538 2100 796 2181 Urgent
823 2098 1130 2182 impavidi
1157 2105 1225 2162 te
1257 2099 1646 2162 Salaminius

625 2210 869 2272 Teucer
898 2217 964 2273 et
996 2208 1339 2273 Sthenelus
1367 2209 1572 2272 sciens
2384 2251 2449 2290 24.
2467 2239 2516 2283 0.
2534 2238 2785 2281 mir-zo.

367 2348 452 2410 25
540 2344 808 2426 Pugnae,
839 2342 969 2408 sive
997 2363 1158 2426 opus
1187 2349 1287 2406 est
1314 2341 1679 2425 imperitare
1702 2344 1899 2427 equis,
1960 2371 1970 2381 ·

539 2454 697 2517 Non
726 2452 946 2536 auriga
971 2453 1034 2536 pi
1042 2473 1195 2536 ger3
1242 2453 1585 2516 Merionen
1615 2474 1867 2537 quoque
2383 2487 2501 2546 mr,
2520 2486 2569 2528 ο,
2589 2487 2626 2528 1,
2644 2487 2685 2527 ο,
2705 2486 2768 2528 15,

540 2566 805 2629 Nosces.
892 2566 1060 2629 Ecce
1087 2564 1247 2627 furit
1275 2573 1342 2628 te
1370 2565 1642 2649 reperire
1672 2573 1854 2629 atrox

628 2677 926 2761 Tydides,
957 2676 1184 2740 melior
1210 2682 1429 2759 patre:

546 2813 758 2878 Quem
786 2820 881 2890 tu,
915 2833 1137 2876 cervus
1166 2812 1264 2875 uti
1291 2810 1474 2874 vallis
1502 2810 1574 2872 in
1604 2810 1802 2874 altera
2391 2843 2453 2882 29.
2474 2829 2523 2872 c.
2542 2832 2579 2872 4.
2600 2831 2637 2871 ι
2658 2832 2722 2872 50.

375 2922 461 2983 30
542 2921 777 2984 Visum
805 2927 987 3003 parte
1016 2921 1242 3004 lupum
1273 2919 1579 3003 graminis
1609 2919 1967 2999 immemor,

549 3031 822 3096 Sublimi
850 3030 1058 3114 fugies
1086 3029 1299 3094 mollis
1329 3028 1642 3108 anhelitu,

629 3141 786 3204 Non
814 3140 936 3204 hoc
964 3139 1287 3228 pollicitus
1315 3146 1467 3201 tuae.

547 3273 865 3337 Iracunda
892 3273 1063 3336 diem
1093 3272 1372 3356 proferet
1402 3271 1529 3349 Ilio

546 3383 988 3466 Matronisque
1017 3382 1354 3466 Phrygum
1385 3380 1603 3444 classis
1632 3379 1906 3444 Achillei
1928 3407 1947 3459 3
2075 3389 2078 3392 ’

380 3493 460 3553 35
552 3492 704 3555 Post
733 3501 938 3556 certas
967 3491 1213 3555 hiemes
1241 3497 1387 3554 uret
1416 3488 1740 3553 Achaicus

634 3603 814 3686 Ignis
843 3602 1074 3667 Iliacas
1105 3601 1349 3665 domos,
2390 3625 2453 3673 3⁶.
2485 3621 2531 3662 ο.
2553 3624 2589 3662 ι
2611 3623 2648 3661 4.
2669 3623 2733 3662 63.

1276 3881 1473 3945 XVI.

636 4006 696 4069 O
727 4024 950 4068 MATRE
982 4002 1249 4088 pulchra
1274 4005 1408 4068 filia
1434 4002 1778 4088 pulchrior,

639 4116 848 4181 Quem
878 4113 1236 4179 criminosis
1266 4136 1540 4199 cumque
1570 4115 1741 4178 voles
1770 4111 2037 4176 modum

408 4273 460 4321 9.
498 4271 661 4320 Eheu.
792 4273 875 4321 21.
909 4272 1182 4322 excidium.
1316 4273 1395 4319 22.
1432 4256 1622 4332 gentis.
1757 4270 1838 4317 24.
1874 4269 2085 4325 Teucer,
2110 4269 2202 4324 te,
2237 4266 2366 4312 Teu·

929 4352 1135 4398 corque,
1158 4340 1231 4385 et.
1363 4337 1443 4384 36.
1481 4337 1807 4397 Pergameas.
2175 4406 2221 4452 D
2256 4406 2286 4450 2
