3025 4776
324 291 437 344 166

322 1016 434 1057 Min.
455 1016 506 1058 A.
530 1015 573 1058 P.
594 1019 683 1059 885.

319 1455 422 1507 inp.
446 1455 486 1496 S.
507 1457 544 1496 2.
564 1458 601 1498 3.
624 1458 713 1499 257.

310 2321 405 2371 sas.
429 2322 469 2364 S.
491 2323 527 2362 1.
548 2324 586 2363 2.
608 2323 695 2364 114.

318 2548 405 2586 atr.
426 2545 474 2585 C.
495 2547 532 2586 ³.
554 2545 617 2586 2⁷.
637 2546 700 2587 18.

1118 287 1180 358 Q.
1228 287 1542 343 HORATJ
1575 285 1862 343 FLAOCI

1699 722 1797 786 ΙΙ.

748 868 914 933 QUAE
944 868 1145 931 virtus
1174 876 1240 931 et
1273 875 1532 951 quanta,
1565 867 1740 945 boni,
1773 867 1858 930 sit
1887 868 2096 932 vivere
2125 890 2431 952 parm,—

744 976 888 1040 Nec
916 999 1097 1040 meus
1125 977 1233 1040 hic
1262 998 1472 1040 sermo
1501 984 1621 1055 est,
1654 976 1765 1040 sed
1795 998 1938 1059 quae
1967 979 2263 1063 praecepit
2295 981 2507 1045 Ofella

746 1085 1070 1164 Rusticus,
1103 1086 1426 1150 abnormis
1458 1087 1730 1170 sapiens,
1763 1107 2096 1170 crassaque
2128 1088 2194 1151 M
2207 1090 2512 1154 inerva—

744 1193 1002 1274 Discite
1020 1217 1150 1259 non
1180 1196 1352 1259 inter
1379 1196 1593 1259 lances
1621 1217 1999 1280 mensasque
2030 1199 2331 1278 nitenteS‚

744 1305 912 1369 Cum
942 1313 1156 1388 stupet
1183 1304 1425 1368 insanis
1454 1305 1620 1368 acies
1648 1305 2024 1388 fulgoribus,
2058 1316 2125 1371 et
2155 1329 2304 1372 cum
2694 1312 2732 1370 5

741 1416 1024 1478 Acclinis
1055 1414 1229 1477 falsis
1258 1415 1510 1477 animus
1541 1415 1803 1477 meliora
1831 1424 2104 1493 recusat,

742 1524 989 1587 Verum
1018 1524 1123 1587 hic
1153 1524 1458 1605 impransi
1488 1544 1742 1587 mecum
1773 1524 2127 1608 disquirite.
2219 1527 2351 1589 Cur
2388 1526 2560 1590 hoc?

741 1633 990 1708 Dicam,
1023 1633 1076 1696 si
1106 1639 1347 1715 potero.
1438 1633 1616 1696 Male
1646 1654 1868 1696 verum
1897 1634 2219 1696 examinat
2247 1635 2454 1697 omnis

742 1742 1096 1824 Corruptus
1117 1740 1336 1822 judex.
1428 1742 1744 1822 Leporem
1774 1749 2054 1805 sectatus
2083 1762 2323 1825 equove

741 1851 978 1913 Lassus
1009 1850 1088 1913 ab
1117 1848 1431 1912 indomito
1460 1850 1582 1923 vel,
1615 1849 1670 1911 si
1700 1850 1993 1912 Romana
2020 1850 2251 1932 fatigat
2652 1855 2734 1915 10

741 1958 983 2021 Militia
1013 1966 1338 2022 assuetum
1371 1958 1674 2035 Graecari,
1706 1978 1818 2021 seu
1848 1958 1976 2040 pila
2003 1959 2183 2022 velox

742 2068 1030 2131 Molliter
1060 2074 1385 2131 austerum
1414 2067 1629 2130 studio
1657 2067 1918 2131 fallente
1947 2068 2232 2133 laborem

744 2180 874 2242 Seu
904 2186 969 2241 te
999 2179 1209 2242 discus
1240 2177 1393 2260 agit,
1421 2185 1570 2260 pete
1599 2177 1932 2242 cedentem
1964 2183 2110 2242 aera
2138 2180 2312 2243 disco
2338 2205 2352 2243 :

744 2290 911 2353 Cum
939 2288 1119 2352 labor
1148 2288 1468 2351 extuderit
1495 2287 1774 2366 fastidia,
1806 2288 2030 2367 siccuS,
2062 2290 2270 2352 inanis

745 2402 984 2482 Sperne
1015 2400 1230 2463 cibum
1259 2399 1467 2476 vilem,
1498 2399 1625 2461 nisi
1657 2400 1998 2486 Hymettia
2026 2401 2215 2463 mella
2245 2401 2516 2466 Falerno
2651 2408 2728 2466 15

738 2512 845 2574 Ne
875 2510 1108 2574 biberis
1138 2510 1361 2573 diluta.
1452 2509 1636 2573 Foris
1665 2518 1762 2572 est
1789 2531 2071 2592 promus,
2103 2518 2169 2574 et
2199 2518 2410 2574 atrum
2473 2544 2476 2549 .

740 2621 1105 2684 Defendens
1134 2621 1337 2702 pisces
1365 2619 1609 2682 hiemat
1634 2640 1811 2684 mare
1838 2646 1851 2683 ε
1900 2641 2048 2683 cum
2076 2621 2206 2684 sale
2236 2622 2417 2702 panis

739 2733 1119 2795 Latrantem
1150 2730 1554 2793 stomachum
1582 2728 1747 2793 bene
1775 2729 1990 2792 leniet.
2081 2729 2274 2793 Unde
2303 2738 2490 2813 putas
2534 2739 2646 2794 aut

743 2841 872 2905 Qui
904 2850 1159 2923 partum
1180 2842 1210 2903 ⁴?
1301 2841 1457 2903 Non
1486 2840 1558 2902 in
1587 2860 1734 2903 caro
1762 2838 1985 2902 nidore
2014 2839 2307 2922 voluptas

662 3026 671 3033 Ι
743 2952 1031 3028 Summa,
1064 2950 1175 3014 sed
1203 2950 1272 3012 in
1295 2958 1361 3013 te
1389 2950 1529 3032 ipso
1558 2957 1675 3012 est.
1765 2950 1865 3012 Tu
1893 2948 2322 3031 pulmentaria
2350 2969 2558 3031 quaere
2645 2952 2731 3012 20

319 3100 393 3139 vit.
414 3110 452 3139 v.
472 3100 535 3140 78.

318 3210 380 3240 22.
402 3198 482 3249 Ep.
504 3201 539 3238 2.
564 3201 613 3238 50
632 3212 644 3247 ς

743 3061 1082 3124 Sudando:
1129 3061 1436 3143 pinguem
1466 3059 1636 3122 vitiis
1668 3059 2012 3139 albumque
2042 3079 2248 3141 neque
2279 3065 2489 3123 ostrea

739 3172 882 3234 Nec
911 3192 1127 3234 scarus
1157 3177 1269 3233 aut
1297 3168 1532 3252 poterit
1561 3167 1894 3250 peregrina
1914 3168 2140 3250 juvare
2168 3168 2389 3250 lagois·

739 3281 867 3343 Vix
895 3288 1114 3343 tamen
1143 3279 1425 3361 eripiam,
1457 3277 1665 3360 posito
1693 3297 1934 3359 pavone
1963 3277 2117 3339 velis
2147 3278 2301 3360 quin

742 3392 887 3454 Hoc
917 3390 1127 3474 potius
1158 3411 1349 3472 quam
1379 3388 1619 3470 gallina
1648 3394 1893 3469 tergere
1924 3387 2229 3470 palatum,

741 3503 1094 3583 Corruptus
1124 3500 1302 3562 vanis
1330 3519 1568 3575 rerum,
1601 3496 1749 3580 quia
1776 3505 2001 3560 veneat
2033 3518 2185 3560 auro
2647 3501 2729 3561 25

741 3613 913 3680 Rara
943 3610 1073 3673 avis
1102 3617 1167 3673 et
1196 3609 1367 3691 picta
1392 3606 1635 3690 pandat
1663 3606 2024 3690 spectacula
2053 3606 2276 3684 cauda,

740 3723 1100 3802 Tamquam
1129 3718 1211 3780 ad
1238 3738 1377 3781 rem
1408 3718 1680 3781 attineat
1704 3717 2069 3799 quicquam.
2114 3718 2298 3780 Num
2322 3718 2591 3781 vesceris
2607 3718 2731 3781 ista

743 3834 957 3899 Quam
986 3828 1205 3891 laudas
1235 3827 1455 3911 pluma
1476 3829 1506 3890 ⁴?
1553 3836 1735 3891 cocto
1764 3850 1922 3890 num
1953 3828 2132 3891 adest
2159 3828 2363 3891 honor
2390 3828 2614 3891 idem?

741 3945 949 4008 Carne
977 3938 1215 4016 tamen,
1248 3937 1535 4020 quamvis
1566 3937 1760 4000 distat
1788 3938 1902 4012 nil,
1935 3937 2057 4000 hac
2085 3937 2291 4019 magis
2320 3937 2447 4000 illa.

742 4052 1104 4136 Imparibus
1133 4049 1355 4114 formis
1384 4047 1725 4130 deceptum
1757 4054 1821 4110 te
1849 4055 2048 4129 patet.
2139 4048 2299 4110 Esto
2325 4071 2339 4110 ε
2645 4049 2732 4109 30

741 4231 788 4275 2.
818 4227 841 4276 Ρ
866 4229 1118 4285 scrmost3
1144 4240 1314 4286 quem.
1414 4224 1493 4271 20.
1521 4221 1544 4269 Ρ
1567 4222 1747 4284 ipsost.
1855 4222 1936 4271 29.
1961 4222 2117 4281 illam,
2145 4223 2187 4269 b.
2214 4219 2265 4271 S.
2349 4222 2428 4270 30.
2455 4227 2649 4283 petere,
2678 4222 2729 4269 S.
