3025 4776
286 274 361 330 22

270 617 328 691 ἰ.
349 648 398 690 0.
417 636 539 689 312⁶.
558 648 597 689 s.

293 1574 389 1605 arr.
408 1562 458 1604 0.
476 1564 516 1604 3.
534 1562 599 1603 26.
628 1560 691 1602 12.

297 1762 399 1805 Thr.
419 1762 468 1802 C.
488 1763 526 1801 4.
546 1761 607 1801 12.
627 1760 666 1801 ².

397 1813 479 1863 Ep.
501 1812 564 1852 18.
584 1813 624 1852 3.

302 2802 415 2844 Hah.
436 2802 487 2844 Β.
509 2803 545 2843 1.
564 2802 603 2841 8.
623 2803 680 2849 33

550 2853 612 2892 16.
634 2851 697 2892 13.

309 3360 344 3388 ι.
365 3344 413 3386 C.
433 3345 471 3386 3,
490 3345 529 3384 8.
548 3343 612 3385 27.

303 3458 343 3487 a.
362 3444 443 3496 Ep.
466 3445 527 3484 11.
548 3443 611 3485 16.

299 3666 469 3719 ...(3.1
490 3665 607 3706 απ.

740 4249 859 4284 xxv,
898 4238 944 4284 2.
972 4235 1218 4298 jactibus.
1319 4235 1367 4282 9.
1404 4235 1727 4294 arrogantes.
1831 4229 1908 4283 17.
1945 4233 2163 4281 virente.

1122 266 1186 339 Q.
1228 264 1549 324 HORATI
1577 263 1732 321 FLA
1736 262 1864 321 001

1602 465 1819 529 XXV.

907 570 918 580 ⁸
973 603 1271 666 PARcms
1294 600 1556 684 junctas
1585 599 1886 682 quatiunt
1913 596 2226 662 fenestras

973 712 1223 777 Ictibus
1254 710 1493 774 crebris
1516 710 1786 793 juvenes
1816 707 2116 792 protervi,

971 821 1116 885 Nec
1144 819 1266 883 tibi
1295 839 1552 882 somnos
1597 817 1928 883 adimunt:
1976 823 2275 899 amatque

1235 931 1277 992 J
1282 950 1448 991 anua
1474 928 1699 1006 limen,

976 1064 1141 1132 Quae
1168 1062 1345 1147 prius
1373 1062 1657 1125 multum
1685 1060 1890 1123 facilis
1919 1060 2214 1124 movebat

976 1173 1306 1239 Cardines.
1395 1171 1606 1236 Audis
1635 1171 1849 1233 minus
1879 1178 1945 1233 et
1974 1171 2189 1234 minus
2211 1171 2372 1255 jam,

978 1289 1023 1319 “
1041 1283 1159 1348 Me
1187 1291 1304 1347 tuo
1331 1282 1558 1364 longas
1586 1287 1895 1365 pereunte
1923 1289 2168 1359 noctes,

1236 1392 1463 1477 Lydia,
1495 1391 1737 1455 dormis
1759 1391 1838 1452 '?''

978 1525 1267 1592 Invicem
1296 1524 1581 1588 moechos
1611 1545 1772 1586 anus
1801 1524 2164 1607 arrogantis

978 1636 1191 1700 Flebis
1219 1634 1287 1698 in
1317 1634 1452 1699 solo
1481 1634 1637 1698 levis
1668 1634 2009 1718 angiportu
2030 1660 2050 1713 3

978 1747 1249 1811 Thracio
1276 1746 1633 1810 bacchante
1661 1746 1867 1830 magis
1896 1746 2016 1811 sub
2045 1746 2243 1810 inter-

1237 1856 1419 1921 lunia
1445 1863 1662 1934 vento,

985 1994 1208 2059 Quum
1237 1990 1359 2053 tibi
1389 1989 1666 2073 flagrans
1698 2007 1897 2068 amor,
1929 1997 1996 2053 et
2023 1987 2245 2067 libide,

982 2102 1148 2168 Quae
1178 2100 1340 2163 solet
1369 2107 1609 2162 matres
1637 2097 1875 2161 furiare
1904 2118 2236 2181 equorum,

984 2210 1219 2274 Saeviet
1247 2208 1417 2271 circa
1437 2208 1624 2291 jecur
1651 2209 2051 2287 ulcerosum3

1243 2318 1400 2382 Non
1428 2318 1567 2382 sine
1602 2326 1854 2401 questu,

982 2458 1168 2521 Laeta
1197 2454 1369 2539 quod
1397 2453 1598 2538 pubes
1628 2454 1866 2518 hedera
1893 2451 2125 2516 virenti

988 2567 1285 2631 Gaudeat
1314 2565 1490 2648 pulla
1519 2565 1724 2647 magis
1754 2572 1946 2647 atque
1973 2570 2211 2648 myrt0,

982 2675 1215 2741 Aridus
1244 2675 1502 2739 frondes
1534 2674 1793 2738 Hiemis
1822 2673 2023 2739 sodali

1242 2783 1515 2848 Dedicet
1547 2783 1794 2848 Hebro,

1593 3163 1848 3228 XXVI.

987 3294 1209 3356 Mosts
1240 3291 1503 3368 amicuS,
1536 3290 1870 3354 tristitiam
1900 3298 1967 3354 et
1995 3297 2207 3354 metus

987 3403 1260 3469 Tradam
1290 3401 1600 3486 protervis
1629 3401 1700 3464 in
1729 3421 1907 3464 mare
1937 3401 2267 3465 Creticum

1073 3515 1341 3578 Portare
1369 3512 1600 3590 ventis,
1635 3511 1777 3594 quis
1807 3511 1928 3574 sub
1959 3512 2166 3575 Arcto

1162 3622 1302 3686 Rex
1333 3622 1561 3706 gelidae
1589 3630 1918 3686 metuatur
1946 3642 2096 3700 orae,
2125 3615 2131 3621 ’

986 3756 1161 3824 Quid
1190 3757 1520 3822 Tiridaten
1548 3764 1806 3836 terreat,
1838 3756 2025 3820 unice

988 3869 1284 3932 Securus.
1374 3868 1456 3944 O,
1491 3888 1635 3949 quae
1665 3866 1951 3951 fontibus
1980 3864 2254 3948 integris

1076 3975 1357 4055 Gaudes,
1390 3976 1638 4059 apricos
1666 3983 1851 4040 necte
1881 3976 2093 4053 flores,

1160 4088 1371 4152 Necte
1400 4107 1547 4150 meo
1577 4087 1823 4151 Lamiae
1853 4106 2178 4163 eoronam,

2641 1636 2722 1696 10

2635 2209 2716 2269 15

2637 2785 2725 2847 20

2299 4233 2380 4280 20.
2408 4230 2564 4289 Euro,
2591 4233 2732 4280 Bent.
