3025 4776
336 279 407 332 10

328 1730 366 1760 a.
388 1719 430 1760 Β.
450 1720 488 1761 1.
506 1722 545 1763 8.
563 1722 628 1762 90.

328 1821 417 1862 068.
438 1819 488 1862 G.
505 1821 544 1862 8.
560 1822 624 1862 12.
644 1821 708 1863 18.

447 1869 500 1913 Β.
518 1872 557 1916 2.
576 1873 616 1914 2.
634 1872 699 1915 8⁹.

325 3186 388 3223 ¹⁴.
406 3173 489 3226 Bp.
510 3172 573 3216 17.
592 3173 656 3216 1⁶.

325 3287 450 3330 Thoe.
470 3287 520 3330 Ο.
538 3290 578 3331 2.
596 3289 634 3330 4.
654 3289 717 3330 10.

322 3544 385 3586 17.
405 3536 454 3579 0.
476 3538 513 3579 1.
532 3538 596 3579 24.
617 3537 677 3579 1⁶.

1135 280 1201 352 Q.
1271 280 1592 338 HORATI
1649 281 1946 340 nacor

1107 442 1443 527 Lenesque
1473 443 1594 509 sub
1623 451 1881 509 noctem
1910 448 2153 510 susurri

1189 555 1566 638 Composita
1593 563 1967 640 repetantur
1995 556 2194 623 hora:

1013 701 1214 764 Nunc
1240 709 1307 765 et
1337 703 1596 766 latentis
1625 703 1912 787 proditor
1937 705 2172 770 intimo

1015 812 1256 876 Gratus
1285 812 1515 896 puellae
1546 814 1714 878 risus
1744 814 1825 879 ab
1855 816 2114 899 augule,

1102 924 1474 1009 Pignusque
1503 926 1839 1011 dereptum
1869 928 2124 992 lacertis

1185 1037 1325 1101 Aut
1352 1036 1557 1122 digito
1585 1038 1753 1103 male
1779 1038 2109 1123 pertinaci.

1705 1446 1790 1510 X.

1012 1590 1364 1671 Mneum,
1395 1590 1668 1656 facunde
1696 1611 1894 1675 nepos
1922 1591 2228 1671 Atlantia,

1012 1702 1147 1769 Qui
1174 1702 1342 1767 feros
1372 1702 1586 1766 cultus
1616 1702 1952 1767 hominum
1982 1710 2316 1767 recentum

1009 1813 1190 1877 Voce
1217 1812 1508 1877 formasti
1539 1820 1741 1892 catus,
1774 1820 1842 1878 et
1871 1813 2116 1878 decorae

1443 1923 1633 1988 More
1662 1923 1994 2007 palaestrae,

957 2153 963 2159 ⁶
1010 2069 1103 2134 Te
1132 2090 1381 2149 canam,
1413 2071 1635 2154 magni
1666 2071 1710 2135 J
1711 2070 1846 2134 ovis
1874 2077 1942 2135 et
1972 2069 2242 2134 deorum

1008 2171 1360 2251 Nuntium,
1393 2193 1730 2256 curvaeque
1757 2173 1913 2257 lyrae
1943 2181 2274 2257 parentem
2295 2197 2317 2252 3

1009 2282 1355 2364 Callidum,
1388 2283 1701 2367 quidquid
1728 2284 1990 2368 placuit,
2012 2284 2235 2368 jocoso

1444 2396 1739 2461 Condere
1767 2396 1962 2461 furto.

874 2502 887 2515 ⁶
1008 2548 1121 2628 Te,
1152 2547 1345 2613 boves
1374 2548 1532 2612 oum
1561 2548 1687 2612 nisi
1716 2546 2096 2612 reddidisses

1010 2660 1136 2724 Per
1165 2658 1388 2723 dolum
1418 2667 1687 2737 amotas,
1718 2679 1988 2743 puerum
2017 2658 2256 2723 minaci

1007 2770 1187 2834 Voce
1215 2770 1373 2835 dum
1400 2777 1622 2849 terret,
1654 2769 1882 2834 viduus
1913 2770 2215 2855 pharetra

1042 2897 1049 2900 ·
1443 2881 1616 2945 Risit
1644 2879 1903 2964 Apollo.

1011 3028 1190 3098 Quin
1217 3038 1285 3095 et
1312 3029 1600 3109 Atridas,
1631 3028 1792 3093 duee
1821 3035 1910 3108 te,
1942 3026 2270 3112 superbos,

1008 3140 1137 3206 Ilio
1165 3139 1341 3205 dives
1372 3139 1670 3204 Priamus
1696 3138 1923 3203 relicto

1006 3251 1466 3334 Thessalosque
1494 3250 1675 3332 ignes
1705 3255 1771 3313 et
1800 3249 2024 3332 iniqua
2051 3247 2261 3333 Trojae

1439 3360 1670 3424 Castra
1696 3359 1941 3426 fefellit.

1004 3513 1104 3577 Tu
1133 3509 1270 3594 pias
1298 3508 1464 3574 laetis
1494 3507 1741 3572 animas
1769 3506 2024 3591 reponis

1005 3621 1299 3698 Sedibus,
1331 3619 1638 3703 virgaque
1664 3619 1870 3682 levem
1901 3620 2153 3681 coerces

1006 3734 1225 3797 Aurea
1252 3729 1534 3808 turbam,
1565 3727 1811 3813 superis
1840 3727 2108 3791 deorum

1398 3857 1405 3860 ’
1439 3842 1682 3907 Gratus
1710 3845 1776 3903 et
1804 3837 1988 3940 imis.¹

2674 564 2759 624 20

2666 2663 2750 2723 10

2665 3252 2746 3313 15
