3025 4776
1071 274 1407 334 EPODON
1481 271 1659 330 XIII.
2467 263 2575 321 128

978 604 985 611 .
1063 551 1227 617 XII.

327 700 515 768 Qun>
544 693 668 758 tibi
695 689 807 770 vis,
839 689 1070 754 mulier
1099 686 1297 769 nigris
1325 683 1699 768 dignissima
1725 680 1929 748 barris
1946 682 1976 744 ?

422 812 704 877 Munera
732 826 846 870 cur
873 803 1056 882 mihi,
1091 801 1321 887 quidve
1350 798 1618 864 tabellas

330 922 575 1000 Mittis,
606 938 726 982 nec
753 917 940 979 firmo
962 912 1206 998 juveni,
1238 930 1448 994 neque
1476 909 1649 973 naris
1678 908 1889 973 obesse
1912 909 1942 970 ?

418 1032 720 1114 Namque
751 1024 1038 1110 sagacius
1066 1043 1236 1085 unus
1264 1022 1514 1099 odoror,

208 1148 247 1207 5
337 1141 640 1225 Polypus,
674 1158 758 1201 an
789 1134 996 1219 gravis
1025 1131 1293 1195 hirsutis
1323 1129 1516 1194 cubet
1545 1129 1763 1193 hircus
1791 1127 1855 1191 in
1891 1126 2030 1206 alis,

427 1251 642 1318 Quam
673 1246 846 1311 canis
876 1265 1040 1322 acer,
1070 1242 1186 1306 ubi
1212 1242 1412 1305 lateat
1440 1262 1573 1305 sus.

348 1362 481 1430 Qui
510 1359 704 1424 sudor
731 1356 915 1421 vietis
945 1364 1011 1419 et
1042 1374 1236 1438 quam
1264 1352 1472 1415 malus
1511 1351 1796 1435 undique
1825 1349 2128 1414 membris

434 1476 681 1541 Crescit
711 1474 904 1539 odor!
956 1492 1129 1549 cum,
1157 1489 1320 1553 pene
1350 1468 1579 1541 soluto,

344 1587 742 1654 Indomitam
768 1590 1065 1669 properat
1093 1580 1338 1644 rabiem
1368 1578 1587 1642 sedare
1611 1604 1626 1648 ;
1672 1597 1881 1659 neque
1907 1575 2003 1639 illi

177 1708 262 1768 10
435 1701 477 1765 J
481 1720 586 1763 am
613 1702 834 1761 manet
862 1692 1131 1757 humida
1159 1698 1354 1769 creta,
1386 1689 1685 1772 colorque

349 1816 640 1878 Stercore
669 1810 923 1873 fucatus
953 1803 1254 1870 crocodili
1281 1804 1296 1867 1
1338 1804 1602 1887 jamque
1632 1798 1921 1865 subando

434 1923 640 1988 'Penta
667 1919 905 1985 cubilia
926 1924 1227 1999 tectaque
1254 1913 1521 1997 rumpit.

358 2034 479 2100 Vel
507 2053 652 2097 mea
680 2051 880 2115 quum
910 2028 1090 2117 soejvis
1121 2026 1322 2110 agitat
1350 2021 1611 2088 fastidia
1636 2021 1847 2086 verbis
1873 2047 1978 2084 2-

378 2151 422 2181 “
445 2143 716 2209 Inachia
740 2142 1008 2223 langues
1035 2138 1253 2201 minus
1282 2155 1356 2199 ac
1382 2155 1487 2199 me
1514 2154 1528 2193 ε

189 2262 270 2323 15
361 2255 697 2321 Inachiam
726 2260 826 2316 ter
852 2256 1042 2315 nocte
1073 2256 1254 2332 potes
1277 2274 1296 2325 3
1341 2246 1503 2309 mihi
1534 2266 1782 2329 semper
1811 2244 1892 2307 ad
1922 2264 2127 2307 unum

445 2365 670 2432 Mollis
688 2384 900 2448 opus:
946 2367 1164 2447 pereat
1194 2359 1381 2437 male,
1416 2379 1560 2442 quae
1588 2365 1677 2437 te,

360 2477 613 2556 Lesbia,
648 2473 961 2560 quaerenti
990 2480 1272 2548 taurum,
1305 2468 1689 2532 monstravit
1716 2469 1985 2533 inertem
2008 2493 2028 2548 3

458 2590 627 2653 Cum
655 2586 818 2651 mihi
849 2585 1020 2648 Cous
1050 2581 1301 2646 adesset
1329 2582 1671 2666 Amyntas,

363 2701 565 2783 Cujus
594 2697 664 2760 in
691 2694 1013 2759 indomito
1043 2691 1437 2757 constantior
1465 2691 1729 2774 inguine
1758 2712 2009 2770 nervus,

188 2816 278 2878 20
453 2811 669 2875 Quam
699 2827 863 2870 nova
890 2803 1158 2868 collibus
1189 2802 1375 2866 arbor
1401 2802 1693 2867 inhaeret.

372 2918 737 2985 Muricibus
766 2915 977 3000 Tyriis
1007 2914 1258 2977 iteratae
1286 2913 1516 2977 vellere
1542 2914 1710 2978 lanae
2222 2930 2580 2977 21.0.2.1o.3a

457 3030 580 3095 Cui
610 3025 1118 3114 properabantur
1135 3026 1165 3088 ἰ’
1213 3023 1335 3088 tibi
1363 3045 1592 3108 nempe
1616 3050 1635 3101 3

373 3143 481 3208 Ne
510 3142 677 3206 foret
706 3138 967 3223 aequalis
996 3137 1168 3200 inter
1196 3135 1478 3213 conviva,
1509 3134 1714 3218 magis
1745 3155 1938 3218 quem

455 3252 771 3336 Diligeret
801 3248 1032 3313 mulier
1061 3268 1197 3325 sua,
1229 3266 1425 3330 quam
1455 3251 1542 3307 te.

194 3369 283 3432 25
373 3366 432 3429 O
463 3385 582 3446 ego
610 3361 852 3439 infelix,
885 3381 1078 3444 quam
1106 3366 1184 3422 tu
1212 3357 1403 3440 fugis,
1435 3364 1511 3420 ut
1541 3364 1726 3439 pavet
1759 3356 1922 3421 acris

462 3476 656 3557 Agna
684 3473 889 3557 lupos,
921 3491 1287 3554 capreaeque
1316 3469 1598 3534 leones.”
2234 3481 2296 3520 2⁶.
2316 3479 2364 3518 c.
2385 3478 2422 3518 1.
2443 3475 2607 3567 1321&

1117 3854 1323 3918 XIII.

228 4008 557 4072 Honnnu
584 4010 930 4086 tempestas
959 4003 1195 4068 coelum
1225 4001 1563 4082 contraxit,
1594 4007 1662 4066 et
1691 3998 1931 4064 imbres
2245 4017 2523 4070 1.Ep.2.30.

301 4117 628 4198 Nivesque
657 4114 987 4179 deducunt
1019 4116 1059 4177 J
1063 4134 1246 4177 ovem
1270 4139 1289 4192 3
1335 4134 1509 4177 nunc
1541 4132 1737 4191 mare,
1770 4131 1942 4174 nunc
1972 4108 2153 4172 siluae

851 4277 934 4324 23.
956 4274 1199 4335 aequales.
1332 4275 1413 4323 25.
1437 4289 1596 4322 acres.
