3025 4776
1026 341 1367 400 SATIRAR
1377 340 1499 400 zm
1568 309 1715 399 ΠΒ
1762 342 1816 400 I.
1877 341 1947 400 vi.
2589 346 2694 401 151

330 510 398 569 5·
422 505 514 570 Ut
543 504 830 589 plerique
859 505 1089 585 solent,
1119 525 1276 570 naso
1305 505 1635 589 suspendis
1665 505 1913 569 adunco
2302 541 2399 571 aas.
2419 530 2463 619 ἓ.
2484 531 2522 618 i'
2542 531 2685 619 3⁹⁶⁴ss

415 619 685 700 Ignotos
714 622 790 679 ut
818 636 922 679 me
951 615 1251 680 libertino
1279 624 1460 699 patre
1490 624 1738 679 natum.
2004 635 2007 638 ·
2300 608 2703 695 110.n.'1.'20.'20.‘

414 729 583 792 Cum
611 727 850 791 referre
879 747 1096 810 negas,
1130 727 1302 810 quali
1331 727 1417 790 sit
1449 728 1717 811 quisque
1744 709 2009 811 parente

412 839 648 917 Natus,
681 838 838 902 dum
865 838 1219 921 ingenuus:
1265 838 1607 921 persuades
1635 838 1759 902 hoc
1788 838 1908 902 tibi
1937 859 2101 918 vere,

416 950 591 1013 Ante
619 955 1005 1033 potestatem
1034 948 1205 1013 Tulli
1234 955 1427 1032 atque
1455 948 1736 1033 ignobile
1768 970 2039 1033 regnum

188 1094 200 1107 ·
291 1060 374 1121 10
415 1058 666 1122 Multos
694 1080 858 1144 saepe
886 1058 1053 1123 viros
1080 1058 1278 1128 nullis
1305 1058 1657 1142 majoribus
1685 1067 1859 1124 ortos

415 1171 505 1232 Et
534 1169 761 1233 vixisse
789 1169 1042 1253 probos,
1075 1169 1303 1252 amplis
1332 1177 1399 1234 et
1427 1169 1776 1234 honoribus
1807 1177 2027 1233 auctos
2054 1194 2073 1247 3

417 1280 662 1343 Contra
689 1279 1046 1356 Laevinum,
1078 1280 1298 1343 Valeri
1330 1301 1553 1363 genuS,
1586 1279 1757 1343 unde
1789 1280 2117 1363 Superbus
2262 1325 2266 1330 ι
2299 1293 2473 1335 «nd-0·
2495 1294 2613 1335 1-12-
2636 1293 2700 1335 1⁷·

416 1389 799 1471 Tarquinius
826 1410 1024 1467 regno
1053 1389 1276 1471 pulsus
1304 1390 1494 1472 fugit,
1526 1390 1715 1453 unius
1745 1390 1903 1453 assis

416 1501 568 1564 Non
608 1523 822 1587 ιιιιιῃιι
810 1525 907 1561 tul
941 1523 1029 1584 μ(
1019 1503 1143 1561 ctio
1172 1500 1372 1584 pluris
1400 1500 1658 1564 licuisse
1682 1507 1952 1564 notante

294 1614 370 1674 15
417 1611 646 1676 Judicc
670 1588 949 1694 ῃῖἴιῖἶ)ὲ
939 1614 1003 1674 ti
1035 1611 1289 1694 lopulo,
1321 1610 1433 1694 qui
1461 1611 1698 1674 stultus
1724 1611 2001 1675 honores

419 1724 602 1806 Saepe
632 1722 744 1786 dat
770 1722 1049 1806 indignis
1081 1730 1147 1787 et
1174 1723 1363 1787 famae
1392 1722 1588 1786 servit
1615 1722 1891 1806 ineptus,
2302 1737 2394 1778 aaa.
2415 1737 2465 1778 s.
2487 1738 2523 1778 1.
2545 1737 2605 1776 ισ.
2619 1738 2684 1777 ³1.

421 1834 550 1900 Qui
582 1841 797 1916 stupet
825 1834 896 1897 in
925 1833 1132 1897 titulis
1161 1840 1228 1897 et
1254 1833 1665 1917 imaginibus·
1756 1834 1932 1901 Quid
1954 1841 2205 1918 oportet
2304 1853 2375 1894 m.
2397 1853 2446 1895 c.
2466 1852 2503 1893 ι
2524 1853 2587 1893 14.
2608 1852 2648 1892 4.

417 1944 559 2007 Nos
587 1943 794 2007 facere
824 1965 864 2007 a
891 1944 1080 2027 volgo
1105 1943 1297 2027 longe
1326 1943 1641 2026 longeque
1671 1951 1950 2007 remotos
1972 1945 2002 2006 ?

418 2054 763 2143 Namque
750 2061 909 2131 esto,
940 2053 1212 2138 populus
1241 2053 1504 2119 Laevino
1533 2054 1754 2118 mallet
1781 2053 2088 2118 honorem

290 2169 376 2229 20
419 2166 635 2232 Quam
663 2164 868 2265 Decio
892 2164 1198 2229 mandare
1226 2185 1411 2242 nov0,
1446 2184 1794 2249 censorque
1823 2170 2107 2228 moveret

414 2275 687 2360 Appius,
718 2275 998 2359 ingenuo
1026 2276 1082 2339 si
1110 2297 1242 2340 non
1270 2297 1474 2341 essem
1503 2283 1685 2360 patre
1713 2283 1942 2340 natus:

415 2387 543 2453 Vel
572 2387 840 2467 merito,'
857 2386 1160 2472 quoniam
1188 2386 1258 2451 in
1285 2385 1540 2471 propria
1568 2408 1698 2451 non
1727 2387 1889 2472 pelle
1919 2386 2255 2471 quiessem.

419 2497 548 2565 Sed
577 2477 864 2582 fulgente
893 2498 1095 2592 trabit
1124 2499 1501 2563 constrictos
1534 2498 1758 2565 Gloria
1786 2519 1977 2562 curru
2303 2522 2368 2562 ιε·
2388 2509 2439 2551 11-
2458 2510 2498 2550 ²-
2518 2509 2555 2552 1·
2577 2509 2664 2551 1⁷⁷·

411 2610 570 2674 Non
597 2610 812 2673 minus
839 2609 1094 2693 ignotos
1123 2609 1464 2693 generosis.
1557 2610 1706 2677 Quo
1733 2608 1875 2686 tibi,
1908 2608 2079 2687 Tilli,

286 2725 369 2784 25
419 2723 687 2784 Sumere
718 2719 1076 2804 depositum
1104 2709 1355 2785 clavum
1383 2719 1648 2804 fierique
1676 2719 1986 2784 tribuno?

418 2830 675 2894 Invidia
705 2830 1001 2909 accrevit,
1031 2830 1277 2914 privato
1307 2851 1451 2914 quae
1480 2831 1692 2895 minor
1720 2838 1907 2896 esset.

415 2944 593 3007 Nam
622 2949 699 3005 ut
718 2940 986 3025 quisque
1006 2941 1269 3005 insanus
1289 2941 1491 3026 nigris
1514 2941 1797 3006 medium
1819 2941 2110 3026 impediit
2133 2962 2279 3007 crus

416 3053 702 3118 Pellibus
731 3061 798 3116 et
824 3053 1032 3116 latum
1063 3033 1321 3116 demisit
1347 3059 1604 3137 pectore
1634 3038 1907 3131 clavum,
1948 3053 1962 3066 “

414 3162 621 3228 Audit
639 3162 971 3227 continuo:
1005 3163 1170 3231 Quis
1192 3164 1387 3227 homo
1405 3161 1511 3226 hic
1530 3164 1672 3253 est?
1705 3184 1831 3247 quo
1848 3170 2028 3246 patre
2045 3159 2278 3228 natus?
2302 3175 2398 3224 pat·
2421 3174 2473 3216 n.
2496 3174 2532 3216 1-
2552 3173 2589 3216 ⁷·
2610 3175 2675 3215 Μ·

286 3276 373 3337 30
418 3275 516 3338 Ut
545 3273 601 3338 si
632 3273 744 3356 qui
774 3280 1042 3357 aegrotet
1073 3295 1201 3358 quo
1228 3273 1454 3338 morbo
1485 3272 1745 3351 Barrus,
1777 3272 1998 3337 haberi

417 3385 515 3448 Ut
545 3382 763 3466 cupiat
791 3384 1129 3461 formosus,
1163 3389 1268 3447 eat
1298 3402 1719 3466 quacumque,
1750 3382 1978 3465 puellis

416 3493 682 3577 Injiciat
713 3513 933 3557 curam
965 3469 1291 3576 (iuaerendi
1321 3491 1593 3576 singula,
1626 3492 1797 3575 quali

420 3605 522 3669 Sit
549 3604 734 3683 facie,
767 3626 935 3682 sura,
971 3586 1143 3688 quali
1171 3603 1353 3688 pede,
1386 3603 1599 3682 dente,
1634 3603 1860 3687 capillo
1886 3628 1901 3669 ι

418 3715 527 3779 Sic
559 3714 670 3798 qui
698 3715 1019 3797 promittit
1049 3714 1237 3794 cives,
1267 3714 1495 3779 urbem
1526 3714 1650 3778 sibi
1679 3735 1848 3779 curae

286 3828 371 3888 35
419 3823 773 3907 Imperium
802 3824 937 3889 fore
967 3831 1034 3888 et
1064 3824 1344 3903 Italiam,
1377 3823 1643 3888 delubra
1671 3823 1957 3905 deorum,
2309 3845 2394 3887 a...
2416 3843 2464 3886 c,
2483 3844 2521 3884 3.
2542 3846 2580 3884 e.
2600 3843 2637 3885 ε.

419 3935 569 4001 Quo
597 3940 780 4016 patre
809 3934 895 3997 sit
924 3942 1136 4013 natus,
1166 3955 1326 3998 num
1355 3934 1580 4017 ignota
1607 3942 1812 3999 matre
1839 3936 2239 4012 inhonestus,

417 4047 663 4110 Omnes
691 4047 995 4112 mortales
1025 4068 1249 4111 curare
1277 4053 1343 4111 et
1374 4066 1652 4130 quaerere
1683 4046 1875 4129 cogit.

415 4156 601 4219 Tune
635 4155 804 4238 Syri,
839 4157 1065 4221 Damae
1095 4164 1209 4220 aut
1241 4157 1512 4242 Dionysi
1543 4157 1731 4235 filius»,
1766 4157 1960 4224 audes

287 4316 367 4364 18.
403 4314 632 4376 longola
601 4317 806 4374 ott-eque.
900 4316 979 4364 29.
1008 4314 1238 4372 hicaut3
1275 4315 1358 4364 hic
1347 4317 1466 4364 ⁸0t:
1507 4318 1702 4372 natust,
1731 4316 1779 4363 S.
1872 4312 1953 4363 35.
1979 4312 2138 4362 eetdl
2145 4314 2285 4367 u.bra
