3025 4776
378 266 486 319 188
1216 263 1282 336 Q.
1336 264 1652 323 HORATI
1701 265 1989 323 FLACCI

796 425 1137 508 Imprimat
1165 426 1268 489 his
1298 448 1452 490 cura
1480 430 1804 492 Maecenas
1835 430 2019 512 signa
2047 430 2321 495 tabellis.

794 535 1069 613 Dixeris,
1104 537 1447 619 Experiar:
1499 538 1570 600 Si
1599 538 1716 617 vie,
1748 547 1950 621 potes,
1986 540 2162 602 addit
2193 550 2259 605 et
2287 542 2510 606 instat.

794 645 1120 728 Septimus
1149 653 1373 709 octavo
1402 647 1657 730 propior
1679 649 1817 730 jam
1846 649 2084 732 fugerit
2126 672 2356 729 annua,
2705 655 2796 715 40

370 783 434 820 μ.
458 769 497 811 s,
518 770 556 811 1.
577 773 615 811 ο.
634 771 699 813 62.
791 755 891 817 Ex
923 776 1047 836 quo
1077 756 1400 819 Maeeenas
1432 777 1534 819 me
1565 759 1757 840 coepit
1787 758 2020 822 habere
2050 780 2311 822 suorum

794 865 878 927 In
907 886 1196 943 numero,
1229 866 1566 928 dumtaxat
1596 866 1675 928 ad
1704 867 1846 945 hoc,
1882 889 2073 950 quem
2103 869 2328 932 tollere
2356 868 2510 932 reda

793 975 1009 1037 Vellet
1037 976 1162 1039 iter
1190 976 1430 1039 faciens
1460 984 1527 1040 et
1558 978 1662 1040 cui
1693 978 2070 1042 concredere
2099 1001 2306 1061 nugas

795 1084 942 1148 Hoc
971 1106 1208 1167 genus:
1258 1086 1442 1149 Hora
1471 1096 1669 1169 quota
1697 1088 1845 1151 est?
1909 1088 2124 1151 Thrax
2170 1095 2270 1152 est
2320 1090 2581 1154 Gallina
2629 1093 2795 1174 Syro

1138 1218 1253 1280 par
1275 1197 1304 1258 ⁶?

792 1305 1123 1370 Matutina
1150 1328 1376 1390 pamm
1407 1314 1628 1370 cautos
1650 1308 1784 1391 jam
1817 1307 2059 1390 frigora
2089 1309 2382 1373 mordent
2404 1337 2424 1388 3
2703 1316 2788 1374 45

791 1417 879 1480 Et
911 1438 1051 1498 quae
1079 1417 1314 1481 rimosa
1342 1417 1506 1481 bene
1539 1418 1948 1500 deponuntur
1975 1420 2043 1481 in
2073 1441 2245 1483 aure.

791 1528 919 1590 Per
946 1535 1153 1590 totum
1188 1527 1309 1590 hoc
1338 1536 1594 1610 tempus
1624 1529 1970 1610 subjectior
1998 1529 2068 1592 in
2098 1530 2266 1594 diem
2297 1539 2363 1594 et
2393 1531 2617 1595 horam

791 1636 1061 1701 Invidiae
1091 1644 1329 1700 noster.
1419 1636 1637 1700 Ludos
1668 1644 2064 1720 spectaverat
2092 1660 2244 1716 una,

791 1747 1065 1810 Luserat
1094 1747 1163 1810 in
1193 1768 1418 1832 campo
1445 1773 1458 1810 :
1507 1749 1810 1811 Fortunae
1840 1749 2009 1811 filius
2036 1749 2049 1810 !
2099 1769 2342 1812 omnes.

790 1856 1088 1938 Frigidus
1119 1878 1156 1918 a
1183 1857 1406 1919 rostris
1435 1865 1659 1920 manat
1688 1877 1800 1940 per
1830 1857 2111 1939 compita
2138 1878 2396 1921 rumor:
2705 1863 2791 1921 50

794 1966 1202 2048 Quicumque
1232 1966 1454 2030 obvius
1484 1976 1603 2045 est,
1636 1988 1741 2031 me
1770 1967 2046 2030 consulit
2073 1993 2086 2029 :
2136 1969 2194 2031 Ο
2226 1968 2656 2044 bone,—nam
2691 1978 2757 2031 te

371 1106 467 1146 quo.
490 1095 536 1134 C.
556 1097 595 1135 3.
616 1095 682 1138 19.
701 1095 741 1137 7.

492 1145 541 1186 Ε.
562 1146 598 1186 l.
618 1149 656 1188 δ.
676 1148 740 1188 30.

370 2103 765 2145 deo.E.1.19.43.
796 2078 991 2156 Scire,
1024 2079 1175 2142 deos
1206 2079 1505 2162 quoniam
1536 2079 1796 2162 propius
1825 2080 2164 2161 contingis,
2191 2088 2526 2162 oportet—

371 2221 483 2262 nac.
505 2220 552 2260 c,
574 2221 611 2261 3,
633 2222 672 2262 ο,
694 2221 755 2261 14,
792 2188 973 2251 Num
1007 2188 1161 2270 quid
1192 2188 1272 2253 de
1303 2190 1496 2253 Dacis
1529 2190 1812 2252 audisti?
1903 2190 2016 2253 Nil
2049 2191 2365 2273 equidem.
2458 2194 2555 2256 Ut
2586 2202 2659 2256 tu

797 2299 1062 2382 Semper
1090 2299 1213 2362 eris
1242 2299 1482 2363 derisor
1507 2301 1521 2362 l
1619 2300 1711 2362 At
1740 2321 1962 2363 omnes
1993 2300 2059 2363 di
2089 2302 2413 2383 exagitent
2443 2323 2567 2379 me,

797 2410 866 2473 Si
901 2410 1267 2494 quicquam.
1361 2410 1538 2478 Quid
1560 2413 1589 2473 Ῥ
1637 2411 1953 2474 militibus
1982 2413 2295 2495 promissa
2323 2414 2660 2496 Triquetra
2705 2418 2786 2476 55

792 2521 1042 2585 Praedia
1071 2523 1283 2586 Caesar
1314 2543 1395 2585 an
1425 2531 1524 2586 est
1555 2523 1724 2586 Itala
1752 2523 1981 2586 tellure
2011 2523 2323 2586 daturus?

793 2633 834 2695 J
838 2640 1134 2695 urantem
1167 2654 1267 2695 me
1298 2633 1457 2695 scire
1488 2632 1650 2695 nihil
1681 2633 1997 2696 mirantur
2025 2640 2101 2696 ut
2130 2655 2335 2696 unum

370 2788 479 2818 mor.
502 2778 543 2818 s,
564 2777 603 2817 ι,
622 2778 662 2818 0,
683 2777 749 2823 ³7.
796 2744 1054 2807 Scilicet
1084 2744 1318 2827 egregii
1348 2743 1686 2806 mortalem
1719 2743 1960 2824 altique
1990 2742 2226 2805 silenti.

791 2852 1090 2916 Per-ditur
1117 2853 1256 2916 haec
1284 2854 1453 2916 inter
1481 2853 1714 2915 misero
1744 2853 1852 2914 lux
1881 2873 2014 2915 non
2043 2853 2180 2916 sine
2210 2852 2373 2915 votis
2399 2877 2413 2915 :

791 2964 849 3027 O
880 2984 1011 3039 rus,
1048 2962 1302 3044 quando
1331 2983 1449 3043 ego
1478 2969 1544 3023 te
1576 2961 1942 3044 adspiciam,
1973 2962 2352 3044 quandoque
2381 2960 2616 3033 licebit,
2699 2965 2786 3025 60

790 3074 988 3136 Nunc
1020 3082 1305 3135 veterum
1335 3072 1516 3134 libris
1545 3090 1719 3133 nunc
1749 3092 1972 3135 somno
2003 3079 2068 3135 et
2097 3072 2412 3136 inertibus
2441 3072 2615 3135 horis

790 3184 1045 3247 Ducere
1075 3182 1362 3245 sollicitae
1384 3181 1673 3265 jucunda
1702 3182 1934 3245 oblivia
1962 3183 2106 3245 vitae
2128 3184 2157 3244 Ῥ

791 3295 849 3357 O
880 3293 1135 3377 quando
1163 3293 1309 3356 faba
1338 3291 1724 3375 Pythagorae
1754 3298 2027 3374 cognata
2056 3292 2373 3375 simulque

368 3416 517 3506 vlu-1}-
540 3417 577 3504 ‘f-
598 3415 635 3504 Ξ·
656 3417 720 3506 gf>-
791 3407 1010 3470 Uncta
1038 3405 1192 3467 satis
1224 3402 1446 3486 pingui
1474 3411 1796 3486 ponentur
1825 3402 2111 3465 oluscula
2138 3402 2315 3465 lardo
2338 3404 2367 3464 Ρ

789 3516 847 3579 Ο
879 3523 1097 3578 noctes
1129 3534 1427 3597 cenaeque
1459 3512 1650 3576 deum
1681 3514 1694 3575 l
1749 3513 1979 3596 quibus
2010 3512 2144 3595 ipse
2184 3512 2438 3595 meique
2701 3515 2787 3575 65

363 3662 699 3713 „e,‚1.;p,2‚05‚
785 3630 960 3692 Ante
992 3630 1221 3691 Larem
1253 3626 1578 3709 proprium
1608 3649 1823 3691 vescor
1854 3648 2202 3709 vernasque
2232 3648 2530 3709 procaces

788 3739 985 3801 Pasco
1014 3735 1231 3799 libatis
1260 3736 1547 3819 dapibus.
1643 3738 1841 3800 Prout
1872 3736 2103 3818 cuique
2133 3736 2332 3800 libido
2363 3746 2482 3814 est,

790 3848 1004 3911 Siceat
1033 3847 1375 3928 inaequales
1406 3847 1632 3909 calices
1663 3847 1924 3910 conviva
1952 3848 2200 3911 solutus

364 4012 425 4057 69.
449 4010 496 4051 0-
518 4010 555 4050 2.
577 4010 614 4049 7·
635 4008 699 4049 π.
787 3958 1067 4042 Legibus
1096 3956 1354 4034 insanis,
1388 3978 1499 4019 seu
1532 3956 1673 4039 quis
1702 3957 1874 4039 capit
1905 3958 2074 4019 acria
2101 3956 2286 4020 fortis

784 4146 865 4194 42.
899 4142 1075 4190 rheda.
1210 4141 1290 4186 44.
1330 4139 1625 4200 i’quotast3
1660 4139 1845 4187 Threx.
1937 4143 2016 4188 48.
2054 4140 2264 4188 invidiae
2291 4159 2302 4187 ε
2328 4144 2786 4199 nostor—slmcta-

938 4219 1084 4267 vetit.
1156 4218 1378 4274 Luserit,
1406 4219 1547 4263 Rent.
1683 4217 1761 4263 64.
1799 4218 2081 4266 holuscula.
2217 4216 2298 4267 67.
2338 4218 2611 4266 Plibidost.
