3025 4776
1178 288 1651 351 SATJRARUM
1722 287 1877 348 LIB.
1940 289 1995 348 I.
2052 286 2124 347 iv.
2703 293 2812 348 145

573 452 850 522 Audiret
878 453 1137 534 leviora,
1167 463 1351 539 pater
1370 456 1425 519 si
1454 455 1693 519 viveret
1713 455 1743 517 ⁴?
1833 453 2008 537 Ergo

572 566 728 630 Non
758 565 913 629 satis
941 572 1040 629 est
1067 565 1244 649 puris
1271 586 1526 628 versum
1558 564 1947 650 perscribere
1976 562 2204 641 verbis,

444 677 527 740 55
575 676 792 743 Quem
821 676 876 739 si
905 674 1231 753 dissolvas,
1265 674 1470 758 quivis
1500 673 1937 739 stomachetur
1966 672 2190 737 eodem
2472 682 2556 721 σω·
2578 678 2626 720 0·
2649 680 2686 720 1·
2708 678 2771 770 ¹3:
2789 678 2871 770 ἐξῆ

575 787 727 854 Quo
757 795 1135 870 personatus
1162 793 1349 870 pacto
1379 793 1582 870 pater.
1673 785 1819 862 His,
1852 806 1972 869 ego
2002 806 2144 867 quae
2173 806 2369 862 nunc,
2572 779 2625 822 Β·
2645 780 2683 824 ¹·
2704 781 2766 822 ¹⁵·
2787 780 2850 822 ¹²·

576 897 753 962 Olim
782 918 927 980 quae
956 896 1208 980 scripsit
1239 896 1548 974 Lucilius,
1579 895 1809 979 eripias
1837 895 1893 959 si
2318 895 2444 978 [est

574 1007 888 1091 Tempora
907 1014 1082 1071 certa
1103 1005 1453 1091 modosque
1471 1014 1539 1070 et
1563 1005 1733 1089 quod
1751 1005 1925 1089 prius
1942 1003 2162 1069 ordine
2180 1003 2446 1069 verbum

575 1117 909 1182 Posterius
938 1116 1133 1180 facias
1161 1136 1539 1200 praeponens
1569 1115 1800 1179 ultima
1828 1116 2070 1199 primis,

448 1228 536 1292 60
576 1227 753 1305 Non,
785 1235 861 1291 ut
890 1227 944 1290 si
972 1227 1177 1290 solvas
1211 1233 1253 1262 “
1275 1228 1627 1309 Postquam
1650 1225 1990 1289 Discordia
2019 1231 2186 1289 tetra

576 1338 742 1402 Belli
771 1337 1040 1402 ferratos
1068 1344 1283 1421 postes
1312 1344 1651 1421 portasque
1680 1333 2010 1419 resregit,”
2053 1376 2056 1381 -

578 1447 880 1513 Invenias
909 1447 1105 1512 etiam
1136 1446 1390 1531 disjecti
1419 1446 1709 1510 membra
1738 1449 1960 1530 poetae.

578 1564 916 1627 Hactenus
943 1560 1081 1626 haec
1107 1585 1121 1625 ε
1171 1560 1325 1624 alias
1347 1561 1601 1645 justum
1631 1560 1717 1624 sit
1747 1580 1947 1625 necne
1975 1564 2221 1645 poe‘ma.

574 1673 774 1737 Nunc
804 1672 966 1736 inud
994 1679 1253 1735 tantum
1284 1691 1588 1754 quaeram,
1620 1670 1934 1735 meritone
1964 1671 2083 1736 tibi
2114 1672 2199 1735 sit

456 1785 539 1847 65
590 1784 975 1867 Suspectum
1004 1803 1207 1866 genus
1235 1780 1359 1845 hoc
1389 1779 1728 1844 scribendi.
1821 1780 2075 1844 Sulcius
2104 1802 2247 1845 acer

578 1897 892 1962 Ambulat
920 1905 987 1960 et
1017 1895 1309 1979 Caprius,
1340 1895 1518 1959 rauci
1548 1895 1714 1959 male
1743 1915 2017 1989 cumque
2046 1894 2298 1972 libellis,

580 2014 865 2097 Magnus
896 2020 1164 2095 uterque
1194 2012 1389 2075 timor
1417 2010 1812 2088 latronibus,
1860 2017 1927 2073 at
1955 2010 2118 2074 bene
2147 2010 2201 2073 si
2234 2010 2374 2092 quis

578 2129 669 2191 Et
696 2128 867 2192 vivat
896 2126 1072 2211 puris
1102 2125 1418 2203 manibus,
1451 2132 1824 2189 contemnat
1851 2132 2216 2207 utrumque.

582 2240 681 2305 Ut
708 2240 798 2303 sis
825 2246 902 2302 tu
930 2237 1157 2302 similis
1188 2237 1353 2303 Coeli
1381 2236 1680 2320 Birrique
1708 2237 2054 2315 latronum,

455 2353 541 2417 70
582 2351 740 2416 Non
771 2370 890 2433 ego
918 2348 1040 2413 sim
1071 2347 1499 2432 Caprineque
1534 2348 1750 2413 Sulci:
1796 2368 1912 2412 cur
1939 2353 2188 2413 metuas
2217 2348 2374 2412 me?

581 2460 787 2526 Nulla
812 2460 1080 2524 taberna
1106 2480 1284 2523 meos
1311 2458 1547 2523 habeat
1575 2480 1782 2542 neque
1809 2461 1938 2543 pila
1965 2459 2231 2538 libellos,

584 2572 750 2639 Quis
779 2592 1009 2634 manus
1038 2569 1297 2634 insudet
1324 2569 1496 2652 volgi
1528 2570 2083 2654 Hermogenisque
2109 2569 2376 2653 Tigelli,
2474 2599 2556 2641 001,
2578 2598 2630 2642 η,
2652 2600 2687 2640 ι,
2707 2599 2769 2639 20,
2792 2599 2852 2640 ιι,

582 2682 727 2746 Nec
755 2681 957 2746 recito
984 2681 1287 2764 cuiquam
1317 2680 1442 2744 nisi
1471 2680 1715 2759 amicis,
1746 2680 1938 2764 idque
1968 2689 2246 2758 coactus,

578 2792 736 2857 Non
764 2790 972 2856 ubivis
1001 2812 1294 2856 coramve
1324 2790 1735 2874 quibuslibet.
1826 2792 1913 2855 In
1939 2791 2151 2855 medio
2182 2792 2292 2873 qui

454 2909 493 2970 7
498 2907 535 2968 5
634 2925 669 2967 c
726 2911 840 3016 pta
867 2902 1007 2967 foro
1035 2902 1309 2966 recitent
1338 2910 1491 2965 sunt
1522 2901 1716 2965 multi
1746 2901 1982 2985 quique
2010 2901 2331 2980 lavantes3

631 3007 791 3077 uav‘e
819 3013 998 3077 locus
1024 3012 1166 3076 voci
1194 3018 1451 3076 resonat
1480 3010 1838 3076 conclusus.
1929 3012 2168 3076 Inanes

584 3123 732 3187 Hoc
754 3121 961 3207 juvat,
993 3120 1167 3185 haud
1196 3121 1356 3185 inud
1386 3127 1767 3205 quaerentes,
1797 3141 1957 3184 num
1985 3120 2122 3187 sine
2151 3142 2361 3201 sensu,

582 3235 891 3317 Tempore
921 3253 1080 3296 num
1108 3231 1348 3296 faciant
1378 3232 1608 3296 alieno·
1698 3230 1961 3296 Laedere
1997 3229 2256 3314 gaudes,

582 3343 827 3426 Inquit,
859 3350 925 3407 et
953 3342 1076 3407 hoc
1105 3342 1319 3406 studio
1348 3363 1578 3426 pravus
1606 3339 1781 3406 facis.
1872 3340 2064 3406 Unde
2093 3341 2366 3426 petitum

452 3457 540 3519 80
585 3454 734 3518 Hoc
760 3453 830 3517 in
858 3474 963 3518 me
984 3452 1148 3538 jacis
1175 3454 1206 3515 ⁴?
1251 3460 1348 3517 est
1377 3460 1604 3517 auctor
1633 3452 1775 3535 quis
1806 3450 2082 3534 denique
2110 3472 2354 3531 eorum,

581 3565 734 3630 Vixi
764 3586 912 3629 cum
944 3565 1173 3648 quibus
1191 3565 1221 3627 ⁴?
1268 3564 1625 3630 Absentem
1659 3563 1769 3648 qui
1797 3562 1968 3628 rodit
1998 3563 2298 3642 amicum,

585 3676 716 3744 Qui
748 3696 879 3740 non
909 3674 1197 3740 defendit
1228 3674 1353 3739 alio
1384 3675 1704 3760 culpante,
1736 3675 1977 3739 solutos

583 3786 716 3854 Qui
747 3792 961 3870 captat
989 3785 1155 3850 risus
1182 3785 1525 3850 hominum
1555 3785 1920 3868 famamque
1949 3784 2203 3863 dicacis,

583 3896 857 3978 Fingere
888 3894 1000 3978 qui
1029 3916 1161 3959 non
1189 3894 1325 3959 visa
1351 3901 1586 3979 potest,
1618 3893 1956 3958 commissa
1983 3899 2194 3957 tacere
2479 3925 2585 3957 σοι.
2606 3914 2658 3956 n.
2679 3913 2715 3955 1.
2735 3912 2798 3952 18.
2811 3911 2863 3951 70

452 4010 534 4070 85
582 4006 717 4073 Qui
745 4004 972 4088 nequit
996 4031 1015 4083 3
1060 4006 1167 4070 bic
1195 4005 1379 4089 niger
1408 4011 1528 4083 est,
1557 4003 1733 4067 hunc
1751 4011 1846 4080 tu,
1873 4003 2186 4081 Romane,
2211 4011 2452 4068 caveto.

583 4117 766 4200 Saepe
796 4115 1003 4179 tribus
1031 4114 1216 4180 lectis
1245 4114 1457 4179 videas
1486 4134 1714 4178 cenare
1746 4120 2110 4197 quaternos,
2481 4139 2826 4184 100.s.2.a41.

454 4294 532 4343 58.
569 4293 901 4343 i’verbtunst.
1039 4290 1121 4340 72.
1154 4290 1311 4351 vulgi.
1415 4287 1494 4338 73.
1532 4290 1746 4339 recitem
1769 4289 2060 4350 quicquam.
2147 4283 2229 4336 79.
2266 4288 2452 4349 inquis.
