<?xml version="1.0" encoding="UTF-8"?>
<!DOCTYPE html PUBLIC "-//W3C//DTD XHTML 1.0 Transitional//EN"
    "http://www.w3.org/TR/xhtml1/DTD/xhtml1-transitional.dtd">
<html xmlns="http://www.w3.org/1999/xhtml" xml:lang="en" lang="en">
 <head>
  <title>
</title>
<meta http-equiv="Content-Type" content="text/html;charset=utf-8" />
  <meta name='ocr-system' content='tesseract 3.04.00' />
  <meta name='ocr-capabilities' content='ocr_page ocr_carea ocr_par ocr_line ocrx_word'/>
</head>
<body>
  <div class='ocr_page' id='page_1' title='image "./quintihoratifla03horagoog_0222.png"; bbox 0 0 3025 4776; ppageno 0'>
   <div class='ocr_carea' id='block_1_1' title="bbox 321 253 517 327">
    <p class='ocr_par' dir='ltr' id='par_1_1' title="bbox 321 253 517 327">
     <span class='ocr_line' id='line_1_1' title="bbox 321 253 517 327; baseline 0.005 -1"><span class='ocrx_word' id='word_1_1' title='bbox 321 253 325 257; x_wconf 75' lang='grc'><strong><em>’</em></strong></span> <span class='ocrx_word' id='word_1_2' title='bbox 404 271 517 327; x_wconf 82' lang='grc'><strong>190</strong></span> 
     </span>
    </p>
   </div>
   <div class='ocr_carea' id='block_1_2' title="bbox 407 456 759 499">
    <p class='ocr_par' dir='ltr' id='par_1_2' title="bbox 407 456 759 499">
     <span class='ocr_line' id='line_1_2' title="bbox 407 456 759 499; baseline 0 -1"><span class='ocrx_word' id='word_1_3' title='bbox 407 469 493 498; x_wconf 75' lang='lat' dir='ltr'><strong>vec.</strong></span> <span class='ocrx_word' id='word_1_4' title='bbox 516 456 557 499; x_wconf 80' lang='lat'><strong>8.</strong></span> <span class='ocrx_word' id='word_1_5' title='bbox 577 458 615 498; x_wconf 80' lang='lat'><strong>2.</strong></span> <span class='ocrx_word' id='word_1_6' title='bbox 636 457 674 498; x_wconf 79' lang='lat'><strong>4.</strong></span> <span class='ocrx_word' id='word_1_7' title='bbox 695 458 759 499; x_wconf 77' lang='lat'><strong>84.</strong></span> 
     </span>
    </p>
   </div>
   <div class='ocr_carea' id='block_1_3' title="bbox 406 903 759 945">
    <p class='ocr_par' dir='ltr' id='par_1_3' title="bbox 406 903 759 945">
     <span class='ocr_line' id='line_1_3' title="bbox 406 903 759 945; baseline 0.003 -1"><span class='ocrx_word' id='word_1_8' title='bbox 406 915 496 944; x_wconf 71' lang='lat' dir='ltr'><strong>nnc.</strong></span> <span class='ocrx_word' id='word_1_9' title='bbox 518 903 559 945; x_wconf 86' lang='lat' dir='ltr'><strong>S.</strong></span> <span class='ocrx_word' id='word_1_10' title='bbox 580 904 617 944; x_wconf 80' lang='lat'><strong>2.</strong></span> <span class='ocrx_word' id='word_1_11' title='bbox 637 906 675 944; x_wconf 82' lang='lat'><strong>8.</strong></span> <span class='ocrx_word' id='word_1_12' title='bbox 698 904 759 945; x_wconf 87' lang='lat'><strong>10.</strong></span> 
     </span>
    </p>
   </div>
   <div class='ocr_carea' id='block_1_4' title="bbox 406 1675 731 1726">
    <p class='ocr_par' dir='ltr' id='par_1_4' title="bbox 406 1675 731 1726">
     <span class='ocr_line' id='line_1_4' title="bbox 406 1675 731 1726; baseline -0.003 -9"><span class='ocrx_word' id='word_1_13' title='bbox 406 1677 515 1718; x_wconf 65' lang='lat'><strong>2101.</strong></span> <span class='ocrx_word' id='word_1_14' title='bbox 536 1675 616 1726; x_wconf 76' lang='lat' dir='ltr'><strong>Ep.</strong></span> <span class='ocrx_word' id='word_1_15' title='bbox 635 1678 673 1716; x_wconf 78' lang='lat' dir='ltr'><strong>e.</strong></span> <span class='ocrx_word' id='word_1_16' title='bbox 693 1678 731 1716; x_wconf 73' lang='grc' dir='ltr'><strong>ε.</strong></span> 
     </span>
    </p>
   </div>
   <div class='ocr_carea' id='block_1_5' title="bbox 392 2823 789 2874">
    <p class='ocr_par' dir='ltr' id='par_1_5' title="bbox 392 2823 789 2874">
     <span class='ocr_line' id='line_1_5' title="bbox 392 2823 789 2874; baseline 0.003 -11"><span class='ocrx_word' id='word_1_17' title='bbox 392 2823 489 2874; x_wconf 72' lang='grc' dir='ltr'><strong>[ῆι.</strong></span> <span class='ocrx_word' id='word_1_18' title='bbox 512 2823 562 2864; x_wconf 81' lang='grc' dir='ltr'><strong>Ε.</strong></span> <span class='ocrx_word' id='word_1_19' title='bbox 584 2824 620 2864; x_wconf 91' lang='lat'><strong>1.</strong></span> <span class='ocrx_word' id='word_1_20' title='bbox 642 2825 704 2863; x_wconf 82' lang='lat'><strong>16.</strong></span> <span class='ocrx_word' id='word_1_21' title='bbox 724 2825 789 2864; x_wconf 78' lang='lat'><strong>49.</strong></span> 
     </span>
    </p>
   </div>
   <div class='ocr_carea' id='block_1_6' title="bbox 400 2940 748 2982">
    <p class='ocr_par' dir='ltr' id='par_1_6' title="bbox 400 2940 748 2982">
     <span class='ocr_line' id='line_1_6' title="bbox 400 2940 748 2982; baseline 0.003 -1"><span class='ocrx_word' id='word_1_22' title='bbox 400 2940 507 2982; x_wconf 84' lang='lat' dir='ltr'><strong>Dee.</strong></span> <span class='ocrx_word' id='word_1_23' title='bbox 530 2941 572 2982; x_wconf 85' lang='lat' dir='ltr'><strong>S.</strong></span> <span class='ocrx_word' id='word_1_24' title='bbox 592 2942 630 2981; x_wconf 84' lang='lat'><strong>2.</strong></span> <span class='ocrx_word' id='word_1_25' title='bbox 650 2943 688 2981; x_wconf 85' lang='grc'><strong>3.</strong></span> <span class='ocrx_word' id='word_1_26' title='bbox 709 2943 748 2982; x_wconf 80' lang='grc'><strong>6.</strong></span> 
     </span>
    </p>
   </div>
   <div class='ocr_carea' id='block_1_7' title="bbox 398 3601 736 3643">
    <p class='ocr_par' dir='ltr' id='par_1_7' title="bbox 398 3601 736 3643">
     <span class='ocr_line' id='line_1_7' title="bbox 398 3601 736 3643; baseline -0.003 -2"><span class='ocrx_word' id='word_1_27' title='bbox 398 3602 496 3643; x_wconf 66' lang='lat' dir='ltr'><strong>ine.</strong></span> <span class='ocrx_word' id='word_1_28' title='bbox 519 3601 561 3642; x_wconf 85' lang='lat' dir='ltr'><strong>S.</strong></span> <span class='ocrx_word' id='word_1_29' title='bbox 582 3601 619 3641; x_wconf 85' lang='lat'><strong>1.</strong></span> <span class='ocrx_word' id='word_1_30' title='bbox 639 3601 678 3641; x_wconf 79' lang='lat'><strong>8.</strong></span> <span class='ocrx_word' id='word_1_31' title='bbox 697 3601 736 3640; x_wconf 77' lang='grc'><strong>9.</strong></span> 
     </span>
    </p>
   </div>
   <div class='ocr_carea' id='block_1_8' title="bbox 1258 273 2007 347">
    <p class='ocr_par' dir='ltr' id='par_1_8' title="bbox 1258 273 2007 347">
     <span class='ocr_line' id='line_1_8' title="bbox 1258 273 2007 347; baseline 0.003 -14"><span class='ocrx_word' id='word_1_32' title='bbox 1258 273 1325 347; x_wconf 76' lang='grc' dir='ltr'><strong>ρ.</strong></span> <span class='ocrx_word' id='word_1_33' title='bbox 1368 275 1685 332; x_wconf 66' lang='grc' dir='ltr'><em>ΗΟΕΑΤΙ</em></span> <span class='ocrx_word' id='word_1_34' title='bbox 1718 276 2007 335; x_wconf 73' lang='lat' dir='ltr'><em>FLACCJ</em></span> 
     </span>
    </p>
   </div>
   <div class='ocr_carea' id='block_1_9' title="bbox 813 435 2833 2052">
    <p class='ocr_par' dir='ltr' id='par_1_9' title="bbox 831 435 2374 522">
     <span class='ocr_line' id='line_1_9' title="bbox 831 435 2374 522; baseline 0.006 -24"><span class='ocrx_word' id='word_1_35' title='bbox 831 435 1058 500; x_wconf 81' lang='lat' dir='ltr'>Tincta</span> <span class='ocrx_word' id='word_1_36' title='bbox 1085 458 1275 521; x_wconf 90' lang='lat' dir='ltr'><strong>super</strong></span> <span class='ocrx_word' id='word_1_37' title='bbox 1301 437 1500 502; x_wconf 90' lang='lat' dir='ltr'><strong>lectos</strong></span> <span class='ocrx_word' id='word_1_38' title='bbox 1530 439 1829 504; x_wconf 88' lang='lat' dir='ltr'><strong>canderet</strong></span> <span class='ocrx_word' id='word_1_39' title='bbox 1855 442 2047 504; x_wconf 87' lang='lat' dir='ltr'><strong>vestis</strong></span> <span class='ocrx_word' id='word_1_40' title='bbox 2077 441 2374 522; x_wconf 71' lang='lat' dir='ltr'><strong>eburnoS,</strong></span> 
     </span>
    </p>

    <p class='ocr_par' dir='ltr' id='par_1_10' title="bbox 830 548 2486 634">
     <span class='ocr_line' id='line_1_10' title="bbox 830 548 2486 634; baseline 0.004 -23"><span class='ocrx_word' id='word_1_41' title='bbox 830 548 1170 632; x_wconf 87' lang='lat' dir='ltr'><strong>Multaque</strong></span> <span class='ocrx_word' id='word_1_42' title='bbox 1200 548 1279 612; x_wconf 89' lang='lat' dir='ltr'><strong>de</strong></span> <span class='ocrx_word' id='word_1_43' title='bbox 1308 570 1544 632; x_wconf 88' lang='lat' dir='ltr'><strong>magna</strong></span> <span class='ocrx_word' id='word_1_44' title='bbox 1571 560 1973 634; x_wconf 75' lang='lat' dir='ltr'><strong>superessent</strong></span> <span class='ocrx_word' id='word_1_45' title='bbox 1999 551 2241 616; x_wconf 88' lang='lat' dir='ltr'><strong>fercula</strong></span> <span class='ocrx_word' id='word_1_46' title='bbox 2268 574 2448 632; x_wconf 92' lang='lat' dir='ltr'><strong>cena,</strong></span> <span class='ocrx_word' id='word_1_47' title='bbox 2483 575 2486 582; x_wconf 91' lang='lat'>·</span> 
     </span>
    </p>

    <p class='ocr_par' dir='ltr' id='par_1_11' title="bbox 829 659 2833 1076">
     <span class='ocr_line' id='line_1_11' title="bbox 833 659 2833 743; baseline 0.002 -19"><span class='ocrx_word' id='word_1_48' title='bbox 833 660 995 724; x_wconf 75' lang='lat' dir='ltr'><strong>Quae</strong></span> <span class='ocrx_word' id='word_1_49' title='bbox 1024 659 1247 743; x_wconf 90' lang='lat' dir='ltr'><strong>procul</strong></span> <span class='ocrx_word' id='word_1_50' title='bbox 1275 660 1615 724; x_wconf 87' lang='lat' dir='ltr'><strong>exstructis</strong></span> <span class='ocrx_word' id='word_1_51' title='bbox 1642 660 1898 726; x_wconf 89' lang='lat' dir='ltr'><strong>inerant</strong></span> <span class='ocrx_word' id='word_1_52' title='bbox 1925 661 2225 726; x_wconf 90' lang='lat' dir='ltr'><strong>hesterna</strong></span> <span class='ocrx_word' id='word_1_53' title='bbox 2252 664 2565 728; x_wconf 78' lang='lat' dir='ltr'><strong>canistris,</strong></span> <span class='ocrx_word' id='word_1_54' title='bbox 2706 668 2833 728; x_wconf 84' lang='lat'><strong>105</strong></span> 
     </span>
     <span class='ocr_line' id='line_1_12' title="bbox 830 768 2453 854; baseline 0.002 -22"><span class='ocrx_word' id='word_1_55' title='bbox 830 770 1005 852; x_wconf 88' lang='lat' dir='ltr'><strong>Ergo</strong></span> <span class='ocrx_word' id='word_1_56' title='bbox 1032 768 1146 833; x_wconf 91' lang='lat' dir='ltr'><strong>ubi</strong></span> <span class='ocrx_word' id='word_1_57' title='bbox 1173 790 1492 854; x_wconf 87' lang='lat' dir='ltr'><strong>purpurea</strong></span> <span class='ocrx_word' id='word_1_58' title='bbox 1521 777 1886 853; x_wconf 89' lang='lat' dir='ltr'><strong>porrectum</strong></span> <span class='ocrx_word' id='word_1_59' title='bbox 1917 770 1988 833; x_wconf 88' lang='lat' dir='ltr'><strong>in</strong></span> <span class='ocrx_word' id='word_1_60' title='bbox 2016 779 2189 836; x_wconf 85' lang='lat' dir='ltr'><strong>veste</strong></span> <span class='ocrx_word' id='word_1_61' title='bbox 2219 771 2453 836; x_wconf 88' lang='lat' dir='ltr'><strong>locavit</strong></span> 
     </span>
     <span class='ocr_line' id='line_1_13' title="bbox 829 879 2372 965; baseline 0.003 -23"><span class='ocrx_word' id='word_1_62' title='bbox 829 881 1194 962; x_wconf 88' lang='lat' dir='ltr'><strong>Agrestem,</strong></span> <span class='ocrx_word' id='word_1_63' title='bbox 1224 879 1423 943; x_wconf 90' lang='lat' dir='ltr'><strong>veluti</strong></span> <span class='ocrx_word' id='word_1_64' title='bbox 1452 879 1813 944; x_wconf 86' lang='lat' dir='ltr'><strong>succinctus</strong></span> <span class='ocrx_word' id='word_1_65' title='bbox 1843 881 2112 944; x_wconf 79' lang='lat' dir='ltr'><strong>cursitat</strong></span> <span class='ocrx_word' id='word_1_66' title='bbox 2141 881 2372 965; x_wconf 81' lang='lat' dir='ltr'><strong>hospes</strong></span> 
     </span>
     <span class='ocr_line' id='line_1_14' title="bbox 831 978 2394 1076; baseline 0.002 -23"><span class='ocrx_word' id='word_1_67' title='bbox 831 991 1307 1074; x_wconf 80' lang='lat' dir='ltr'><strong>continuatque</strong></span> <span class='ocrx_word' id='word_1_68' title='bbox 1335 978 1550 1075; x_wconf 82' lang='lat' dir='ltr'><strong>dapes,</strong></span> <span class='ocrx_word' id='word_1_69' title='bbox 1580 1013 1701 1056; x_wconf 91' lang='lat' dir='ltr'><strong>nec</strong></span> <span class='ocrx_word' id='word_1_70' title='bbox 1728 1012 1862 1055; x_wconf 93' lang='lat' dir='ltr'><strong>non</strong></span> <span class='ocrx_word' id='word_1_71' title='bbox 1889 991 2215 1056; x_wconf 84' lang='lat' dir='ltr'><strong>verniliter</strong></span> <span class='ocrx_word' id='word_1_72' title='bbox 2242 993 2394 1076; x_wconf 90' lang='lat' dir='ltr'><strong>ipsis</strong></span> 
     </span>
    </p>

    <p class='ocr_par' dir='ltr' id='par_1_12' title="bbox 830 1101 2524 1186">
     <span class='ocr_line' id='line_1_15' title="bbox 830 1101 2524 1186; baseline 0.003 -23"><span class='ocrx_word' id='word_1_73' title='bbox 830 1101 1150 1184; x_wconf 77' lang='lat' dir='ltr'><strong>Fungitur</strong></span> <span class='ocrx_word' id='word_1_74' title='bbox 1178 1101 1419 1179; x_wconf 89' lang='lat' dir='ltr'><strong>officiis,</strong></span> <span class='ocrx_word' id='word_1_75' title='bbox 1449 1102 1868 1186; x_wconf 85' lang='lat' dir='ltr'><strong>praelambens</strong></span> <span class='ocrx_word' id='word_1_76' title='bbox 1896 1123 2087 1166; x_wconf 91' lang='lat' dir='ltr'><strong>omne</strong></span> <span class='ocrx_word' id='word_1_77' title='bbox 2118 1102 2289 1186; x_wconf 92' lang='lat' dir='ltr'><strong>quod</strong></span> <span class='ocrx_word' id='word_1_78' title='bbox 2320 1104 2524 1168; x_wconf 83' lang='lat' dir='ltr'><strong>affert.</strong></span> 
     </span>
    </p>

    <p class='ocr_par' dir='ltr' id='par_1_13' title="bbox 813 1210 2831 1406">
     <span class='ocr_line' id='line_1_16' title="bbox 830 1210 2831 1296; baseline 0 -21"><span class='ocrx_word' id='word_1_79' title='bbox 830 1212 952 1275; x_wconf 95' lang='lat' dir='ltr'><strong>Ille</strong></span> <span class='ocrx_word' id='word_1_80' title='bbox 982 1212 1222 1275; x_wconf 87' lang='lat' dir='ltr'><strong>cubans</strong></span> <span class='ocrx_word' id='word_1_81' title='bbox 1252 1210 1488 1291; x_wconf 83' lang='lat' dir='ltr'><strong>gaudet</strong></span> <span class='ocrx_word' id='word_1_82' title='bbox 1519 1219 1769 1275; x_wconf 86' lang='lat' dir='ltr'><strong>mutata</strong></span> <span class='ocrx_word' id='word_1_83' title='bbox 1798 1219 1968 1275; x_wconf 86' lang='lat' dir='ltr'><strong>sorte</strong></span> <span class='ocrx_word' id='word_1_84' title='bbox 1996 1212 2307 1296; x_wconf 85' lang='lat' dir='ltr'><strong>bonisque</strong></span> <span class='ocrx_word' id='word_1_85' title='bbox 2701 1219 2729 1277; x_wconf 88' lang='lat' dir='ltr'>l</span> <span class='ocrx_word' id='word_1_86' title='bbox 2748 1218 2831 1277; x_wconf 92' lang='lat' dir='ltr'><strong>lo</strong></span> 
     </span>
     <span class='ocr_line' id='line_1_17' title="bbox 813 1299 2523 1406; baseline 0.001 -20"><span class='ocrx_word' id='word_1_87' title='bbox 813 1299 1047 1386; x_wconf 52' lang='lat' dir='ltr'><strong>‘Rebus</strong></span> <span class='ocrx_word' id='word_1_88' title='bbox 1076 1322 1212 1405; x_wconf 91' lang='lat' dir='ltr'><strong>agit</strong></span> <span class='ocrx_word' id='word_1_89' title='bbox 1240 1321 1461 1385; x_wconf 85' lang='lat' dir='ltr'><strong>laetum</strong></span> <span class='ocrx_word' id='word_1_90' title='bbox 1492 1322 1840 1401; x_wconf 74' lang='lat' dir='ltr'><strong>convivam,</strong></span> <span class='ocrx_word' id='word_1_91' title='bbox 1875 1343 2022 1386; x_wconf 91' lang='lat' dir='ltr'><strong>cum</strong></span> <span class='ocrx_word' id='word_1_92' title='bbox 2054 1323 2268 1387; x_wconf 93' lang='lat' dir='ltr'><strong>subito</strong></span> <span class='ocrx_word' id='word_1_93' title='bbox 2297 1324 2523 1406; x_wconf 90' lang='lat' dir='ltr'><strong>ingens</strong></span> 
     </span>
    </p>

    <p class='ocr_par' dir='ltr' id='par_1_14' title="bbox 826 1432 2420 1518">
     <span class='ocr_line' id='line_1_18' title="bbox 826 1432 2420 1518; baseline 0.002 -23"><span class='ocrx_word' id='word_1_94' title='bbox 826 1435 890 1495; x_wconf 80' lang='lat' dir='ltr'><strong>V</strong></span> <span class='ocrx_word' id='word_1_95' title='bbox 894 1435 1177 1497; x_wconf 87' lang='lat' dir='ltr'><strong>alvarum</strong></span> <span class='ocrx_word' id='word_1_96' title='bbox 1208 1433 1510 1516; x_wconf 76' lang='lat' dir='ltr'><strong>strepitus</strong></span> <span class='ocrx_word' id='word_1_97' title='bbox 1539 1432 1721 1497; x_wconf 85' lang='lat' dir='ltr'><strong>lectis</strong></span> <span class='ocrx_word' id='word_1_98' title='bbox 1749 1434 2027 1497; x_wconf 80' lang='lat' dir='ltr'><strong>excussit</strong></span> <span class='ocrx_word' id='word_1_99' title='bbox 2057 1443 2420 1518; x_wconf 86' lang='lat' dir='ltr'><strong>utrumque.</strong></span> 
     </span>
    </p>

    <p class='ocr_par' dir='ltr' id='par_1_15' title="bbox 828 1543 2428 1629">
     <span class='ocr_line' id='line_1_19' title="bbox 828 1543 2428 1629; baseline 0.002 -22"><span class='ocrx_word' id='word_1_100' title='bbox 828 1545 1099 1608; x_wconf 88' lang='lat' dir='ltr'><strong>Currere</strong></span> <span class='ocrx_word' id='word_1_101' title='bbox 1130 1565 1241 1627; x_wconf 84' lang='lat' dir='ltr'><strong>per</strong></span> <span class='ocrx_word' id='word_1_102' title='bbox 1268 1552 1476 1607; x_wconf 87' lang='lat' dir='ltr'><strong>totum</strong></span> <span class='ocrx_word' id='word_1_103' title='bbox 1508 1543 1718 1627; x_wconf 90' lang='lat' dir='ltr'><strong>pavidi</strong></span> <span class='ocrx_word' id='word_1_104' title='bbox 1748 1545 2066 1624; x_wconf 86' lang='lat' dir='ltr'><strong>conclave,</strong></span> <span class='ocrx_word' id='word_1_105' title='bbox 2098 1546 2428 1629; x_wconf 80' lang='lat' dir='ltr'><strong>magisque</strong></span> 
     </span>
    </p>

    <p class='ocr_par' dir='ltr' id='par_1_16' title="bbox 827 1654 2823 1962">
     <span class='ocr_line' id='line_1_20' title="bbox 828 1654 2506 1748; baseline 0.001 -30"><span class='ocrx_word' id='word_1_106' title='bbox 828 1654 1174 1719; x_wconf 82' lang='lat' dir='ltr'><strong>Exanimes</strong></span> <span class='ocrx_word' id='word_1_107' title='bbox 1203 1654 1537 1738; x_wconf 89' lang='lat' dir='ltr'><strong>trepidare,</strong></span> <span class='ocrx_word' id='word_1_108' title='bbox 1571 1654 1761 1717; x_wconf 90' lang='lat' dir='ltr'><strong>simul</strong></span> <span class='ocrx_word' id='word_1_109' title='bbox 1791 1655 2018 1718; x_wconf 88' lang='lat' dir='ltr'><strong>domus</strong></span> <span class='ocrx_word' id='word_1_110' title='bbox 2048 1656 2179 1719; x_wconf 84' lang='lat' dir='ltr'><strong>alta</strong></span> <span class='ocrx_word' id='word_1_111' title='bbox 2209 1656 2506 1748; x_wconf 82' lang='lat' dir='ltr'><strong>Molossis</strong></span> 
     </span>
     <span class='ocr_line' id='line_1_21' title="bbox 827 1765 2823 1832; baseline 0.001 -3"><span class='ocrx_word' id='word_1_112' title='bbox 827 1765 1167 1830; x_wconf 88' lang='lat' dir='ltr'><strong>Personuit</strong></span> <span class='ocrx_word' id='word_1_113' title='bbox 1196 1765 1478 1830; x_wconf 89' lang='lat' dir='ltr'><strong>canibus.</strong></span> <span class='ocrx_word' id='word_1_114' title='bbox 1566 1766 1733 1829; x_wconf 82' lang='lat' dir='ltr'><strong>Tum</strong></span> <span class='ocrx_word' id='word_1_115' title='bbox 1763 1767 2075 1831; x_wconf 90' lang='lat' dir='ltr'><strong>rusticus:</strong></span> <span class='ocrx_word' id='word_1_116' title='bbox 2127 1768 2322 1831; x_wconf 84' lang='lat' dir='ltr'><strong>Haud</strong></span> <span class='ocrx_word' id='word_1_117' title='bbox 2347 1769 2505 1830; x_wconf 91' lang='lat' dir='ltr'><strong>mihi</strong></span> <span class='ocrx_word' id='word_1_118' title='bbox 2525 1769 2657 1831; x_wconf 86' lang='lat' dir='ltr'><strong>vita</strong></span> <span class='ocrx_word' id='word_1_119' title='bbox 2700 1772 2823 1832; x_wconf 84' lang='lat'><strong>115</strong></span> 
     </span>
     <span class='ocr_line' id='line_1_22' title="bbox 827 1875 2498 1962; baseline 0.001 -22"><span class='ocrx_word' id='word_1_120' title='bbox 827 1879 947 1940; x_wconf 89' lang='lat' dir='ltr'><strong>Est</strong></span> <span class='ocrx_word' id='word_1_121' title='bbox 975 1897 1134 1959; x_wconf 89' lang='lat' dir='ltr'><strong>opus</strong></span> <span class='ocrx_word' id='word_1_122' title='bbox 1163 1876 1302 1954; x_wconf 89' lang='lat' dir='ltr'><strong>hac,</strong></span> <span class='ocrx_word' id='word_1_123' title='bbox 1336 1875 1445 1954; x_wconf 87' lang='lat' dir='ltr'><strong>ait,</strong></span> <span class='ocrx_word' id='word_1_124' title='bbox 1478 1884 1543 1940; x_wconf 92' lang='lat' dir='ltr'><strong>et</strong></span> <span class='ocrx_word' id='word_1_125' title='bbox 1574 1877 1818 1954; x_wconf 78' lang='lat' dir='ltr'><strong>valeas3</strong></span> <span class='ocrx_word' id='word_1_126' title='bbox 1866 1898 1970 1940; x_wconf 91' lang='lat' dir='ltr'><strong>me</strong></span> <span class='ocrx_word' id='word_1_127' title='bbox 2000 1877 2155 1941; x_wconf 85' lang='lat' dir='ltr'><strong>silva</strong></span> <span class='ocrx_word' id='word_1_128' title='bbox 2184 1899 2498 1962; x_wconf 87' lang='lat' dir='ltr'><strong>cavusque</strong></span> 
     </span>
    </p>

    <p class='ocr_par' dir='ltr' id='par_1_17' title="bbox 827 1986 2277 2052">
     <span class='ocr_line' id='line_1_23' title="bbox 827 1986 2277 2052; baseline -0.003 0"><span class='ocrx_word' id='word_1_129' title='bbox 827 1990 1033 2052; x_wconf 86' lang='lat' dir='ltr'><strong>Tutus</strong></span> <span class='ocrx_word' id='word_1_130' title='bbox 1064 1987 1144 2051; x_wconf 88' lang='lat' dir='ltr'><strong>ab</strong></span> <span class='ocrx_word' id='word_1_131' title='bbox 1174 1986 1419 2050; x_wconf 88' lang='lat' dir='ltr'><strong>insidiis</strong></span> <span class='ocrx_word' id='word_1_132' title='bbox 1448 1987 1629 2051; x_wconf 92' lang='lat' dir='ltr'><strong>tcnui</strong></span> <span class='ocrx_word' id='word_1_133' title='bbox 1659 1987 1968 2052; x_wconf 87' lang='lat' dir='ltr'><strong>solabitur</strong></span> <span class='ocrx_word' id='word_1_134' title='bbox 1996 2009 2160 2052; x_wconf 86' lang='lat' dir='ltr'><strong>ervo.</strong></span> <span class='ocrx_word' id='word_1_135' title='bbox 2268 2002 2277 2009; x_wconf 87' lang='lat'><em>·</em></span> 
     </span>
    </p>
   </div>
   <div class='ocr_carea' id='block_1_10' title="bbox 1793 2418 1957 2482">
    <p class='ocr_par' dir='ltr' id='par_1_18' title="bbox 1793 2418 1957 2482">
     <span class='ocr_line' id='line_1_24' title="bbox 1793 2418 1957 2482; baseline -0.006 -1"><span class='ocrx_word' id='word_1_136' title='bbox 1793 2418 1957 2482; x_wconf 90' lang='lat' dir='ltr'><strong>VII.</strong></span> 
     </span>
    </p>
   </div>
   <div class='ocr_carea' id='block_1_11' title="bbox 824 2551 2827 4202">
    <p class='ocr_par' dir='ltr' id='par_1_19' title="bbox 825 2551 2682 2871">
     <span class='ocr_line' id='line_1_25' title="bbox 826 2551 2587 2646; baseline 0.001 -19"><span class='ocrx_word' id='word_1_137' title='bbox 826 2565 867 2627; x_wconf 91' lang='lat' dir='ltr'><strong>J</strong></span> <span class='ocrx_word' id='word_1_138' title='bbox 870 2583 965 2626; x_wconf 71' lang='grc' dir='ltr'><strong>ΛΜ</strong></span> <span class='ocrx_word' id='word_1_139' title='bbox 1000 2561 1243 2626; x_wconf 92' lang='lat' dir='ltr'><strong>dudum</strong></span> <span class='ocrx_word' id='word_1_140' title='bbox 1275 2562 1566 2626; x_wconf 89' lang='lat' dir='ltr'><strong>ausculto</strong></span> <span class='ocrx_word' id='word_1_141' title='bbox 1595 2571 1661 2626; x_wconf 93' lang='lat' dir='ltr'><strong>et</strong></span> <span class='ocrx_word' id='word_1_142' title='bbox 1692 2563 1952 2646; x_wconf 89' lang='lat' dir='ltr'><strong>cupiens</strong></span> <span class='ocrx_word' id='word_1_143' title='bbox 1982 2551 2102 2627; x_wconf 88' lang='lat' dir='ltr'><strong>tibi</strong></span> <span class='ocrx_word' id='word_1_144' title='bbox 2134 2563 2342 2627; x_wconf 87' lang='lat' dir='ltr'><strong>dicere</strong></span> <span class='ocrx_word' id='word_1_145' title='bbox 2372 2586 2587 2628; x_wconf 82' lang='lat' dir='ltr'><strong>servus</strong></span> 
     </span>
     <span class='ocr_line' id='line_1_26' title="bbox 825 2675 2682 2756; baseline 0.001 -16"><span class='ocrx_word' id='word_1_146' title='bbox 825 2679 1042 2741; x_wconf 85' lang='lat' dir='ltr'><strong>Pauca</strong></span> <span class='ocrx_word' id='word_1_147' title='bbox 1070 2675 1436 2740; x_wconf 86' lang='lat' dir='ltr'><strong>reformido.</strong></span> <span class='ocrx_word' id='word_1_148' title='bbox 1527 2676 1878 2739; x_wconf 85' lang='lat' dir='ltr'><strong>Davusne?</strong></span> <span class='ocrx_word' id='word_1_149' title='bbox 1970 2677 2097 2754; x_wconf 89' lang='lat' dir='ltr'><strong>Ita,</strong></span> <span class='ocrx_word' id='word_1_150' title='bbox 2130 2677 2370 2756; x_wconf 91' lang='lat' dir='ltr'><strong>Davus,</strong></span> <span class='ocrx_word' id='word_1_151' title='bbox 2405 2679 2682 2742; x_wconf 87' lang='lat' dir='ltr'><strong>amicum</strong></span> 
     </span>
     <span class='ocr_line' id='line_1_27' title="bbox 826 2787 2634 2871; baseline 0.001 -19"><span class='ocrx_word' id='word_1_152' title='bbox 826 2787 1226 2871; x_wconf 89' lang='lat' dir='ltr'><strong>Mancipium</strong></span> <span class='ocrx_word' id='word_1_153' title='bbox 1258 2787 1519 2851; x_wconf 90' lang='lat' dir='ltr'><strong>domino</strong></span> <span class='ocrx_word' id='word_1_154' title='bbox 1549 2794 1614 2850; x_wconf 92' lang='lat' dir='ltr'><strong>et</strong></span> <span class='ocrx_word' id='word_1_155' title='bbox 1643 2787 1816 2870; x_wconf 85' lang='lat' dir='ltr'><strong>frugi</strong></span> <span class='ocrx_word' id='word_1_156' title='bbox 1847 2788 2015 2870; x_wconf 90' lang='lat' dir='ltr'><strong>quod</strong></span> <span class='ocrx_word' id='word_1_157' title='bbox 2045 2789 2126 2852; x_wconf 84' lang='lat' dir='ltr'><strong>sit</strong></span> <span class='ocrx_word' id='word_1_158' title='bbox 2158 2790 2336 2867; x_wconf 89' lang='lat' dir='ltr'><strong>satis,</strong></span> <span class='ocrx_word' id='word_1_159' title='bbox 2368 2789 2488 2853; x_wconf 90' lang='lat' dir='ltr'><strong>hoc</strong></span> <span class='ocrx_word' id='word_1_160' title='bbox 2518 2800 2634 2868; x_wconf 88' lang='lat' dir='ltr'><strong>est,</strong></span> 
     </span>
    </p>

    <p class='ocr_par' dir='ltr' id='par_1_20' title="bbox 828 2897 2358 2981">
     <span class='ocr_line' id='line_1_28' title="bbox 828 2897 2358 2981; baseline -0.003 -16"><span class='ocrx_word' id='word_1_161' title='bbox 828 2902 925 2965; x_wconf 88' lang='lat' dir='ltr'><strong>Ut</strong></span> <span class='ocrx_word' id='word_1_162' title='bbox 953 2900 1145 2964; x_wconf 87' lang='lat' dir='ltr'><strong>vitale</strong></span> <span class='ocrx_word' id='word_1_163' title='bbox 1174 2907 1383 2981; x_wconf 77' lang='lat' dir='ltr'><strong>putes,</strong></span> <span class='ocrx_word' id='word_1_164' title='bbox 1471 2899 1634 2981; x_wconf 90' lang='lat' dir='ltr'><strong>Age,</strong></span> <span class='ocrx_word' id='word_1_165' title='bbox 1667 2897 1964 2961; x_wconf 89' lang='lat' dir='ltr'><strong>libertate</strong></span> <span class='ocrx_word' id='word_1_166' title='bbox 1995 2898 2358 2977; x_wconf 90' lang='lat' dir='ltr'><strong>Decembri,</strong></span> 
     </span>
    </p>

    <p class='ocr_par' dir='ltr' id='par_1_21' title="bbox 824 3007 2820 3425">
     <span class='ocr_line' id='line_1_29' title="bbox 828 3007 2820 3093; baseline -0.002 -15"><span class='ocrx_word' id='word_1_167' title='bbox 828 3011 1105 3079; x_wconf 84' lang='lat' dir='ltr'><strong>Quando</strong></span> <span class='ocrx_word' id='word_1_168' title='bbox 1133 3010 1227 3073; x_wconf 91' lang='lat' dir='ltr'><strong>ita</strong></span> <span class='ocrx_word' id='word_1_169' title='bbox 1255 3009 1527 3093; x_wconf 69' lang='lat' dir='ltr'><strong>majoroe</strong></span> <span class='ocrx_word' id='word_1_170' title='bbox 1557 3007 1919 3086; x_wconf 88' lang='lat' dir='ltr'><strong>voluerunt,</strong></span> <span class='ocrx_word' id='word_1_171' title='bbox 1951 3017 2172 3087; x_wconf 79' lang='lat' dir='ltr'><strong>utere3</strong></span> <span class='ocrx_word' id='word_1_172' title='bbox 2219 3031 2428 3075; x_wconf 89' lang='lat' dir='ltr'><strong>narra.</strong></span> <span class='ocrx_word' id='word_1_173' title='bbox 2782 3018 2820 3075; x_wconf 92' lang='lat'>5</span> 
     </span>
     <span class='ocr_line' id='line_1_30' title="bbox 825 3099 2670 3202; baseline -0.002 -16"><span class='ocrx_word' id='word_1_174' title='bbox 825 3124 984 3187; x_wconf 90' lang='lat' dir='ltr'><strong>Pars</strong></span> <span class='ocrx_word' id='word_1_175' title='bbox 1012 3118 1347 3182; x_wconf 90' lang='lat' dir='ltr'><strong>hominum</strong></span> <span class='ocrx_word' id='word_1_176' title='bbox 1376 3118 1549 3182; x_wconf 91' lang='lat' dir='ltr'><strong>vitiis</strong></span> <span class='ocrx_word' id='word_1_177' title='bbox 1580 3117 1817 3200; x_wconf 88' lang='lat' dir='ltr'><strong>gaudet</strong></span> <span class='ocrx_word' id='word_1_178' title='bbox 1843 3126 2228 3197; x_wconf 87' lang='lat' dir='ltr'><strong>constanter,</strong></span> <span class='ocrx_word' id='word_1_179' title='bbox 2261 3129 2326 3183; x_wconf 87' lang='lat' dir='ltr'><strong>et</strong></span> <span class='ocrx_word' id='word_1_180' title='bbox 2357 3130 2545 3202; x_wconf 90' lang='lat' dir='ltr'><strong>urget</strong></span> <span class='ocrx_word' id='word_1_181' title='bbox 2629 3099 2670 3106; x_wconf 41' lang='lat'><strong>⁷⁴</strong></span> 
     </span>
     <span class='ocr_line' id='line_1_31' title="bbox 824 3208 2736 3315; baseline -0.002 -17"><span class='ocrx_word' id='word_1_182' title='bbox 824 3230 1231 3315; x_wconf 84' lang='lat' dir='ltr'><strong>Propositum</strong></span> <span class='ocrx_word' id='word_1_183' title='bbox 1254 3255 1273 3307; x_wconf 82' lang='lat'>3</span> <span class='ocrx_word' id='word_1_184' title='bbox 1319 3208 1463 3313; x_wconf 83' lang='lat' dir='ltr'><strong>pars</strong></span> <span class='ocrx_word' id='word_1_185' title='bbox 1493 3227 1700 3291; x_wconf 90' lang='lat' dir='ltr'><strong>multa</strong></span> <span class='ocrx_word' id='word_1_186' title='bbox 1729 3234 1931 3305; x_wconf 90' lang='lat' dir='ltr'><strong>natat,</strong></span> <span class='ocrx_word' id='word_1_187' title='bbox 1965 3227 2154 3291; x_wconf 90' lang='lat' dir='ltr'><strong>modo</strong></span> <span class='ocrx_word' id='word_1_188' title='bbox 2183 3239 2358 3293; x_wconf 92' lang='lat' dir='ltr'><strong>recta</strong></span> <span class='ocrx_word' id='word_1_189' title='bbox 2387 3251 2736 3314; x_wconf 85' lang='lat' dir='ltr'><strong>capessens,</strong></span> 
     </span>
     <span class='ocr_line' id='line_1_32' title="bbox 824 3339 2278 3425; baseline -0.003 -17"><span class='ocrx_word' id='word_1_190' title='bbox 824 3342 1161 3408; x_wconf 89' lang='lat' dir='ltr'><strong>Interdum</strong></span> <span class='ocrx_word' id='word_1_191' title='bbox 1191 3341 1397 3425; x_wconf 89' lang='lat' dir='ltr'><strong>pravis</strong></span> <span class='ocrx_word' id='word_1_192' title='bbox 1426 3339 1718 3403; x_wconf 88' lang='lat' dir='ltr'><strong>obnoxia.</strong></span> <span class='ocrx_word' id='word_1_193' title='bbox 1812 3340 1992 3423; x_wconf 85' lang='lat' dir='ltr'><strong>Saepe</strong></span> <span class='ocrx_word' id='word_1_194' title='bbox 2021 3346 2278 3403; x_wconf 85' lang='lat' dir='ltr'><strong>notatus</strong></span> 
     </span>
    </p>

    <p class='ocr_par' dir='ltr' id='par_1_22' title="bbox 825 3448 2430 3532">
     <span class='ocr_line' id='line_1_33' title="bbox 825 3448 2430 3532; baseline -0.002 -12"><span class='ocrx_word' id='word_1_195' title='bbox 825 3458 994 3522; x_wconf 88' lang='lat' dir='ltr'><strong>Cum</strong></span> <span class='ocrx_word' id='word_1_196' title='bbox 1024 3454 1231 3519; x_wconf 90' lang='lat' dir='ltr'><strong>tribus</strong></span> <span class='ocrx_word' id='word_1_197' title='bbox 1261 3451 1502 3529; x_wconf 89' lang='lat' dir='ltr'><strong>anellis,</strong></span> <span class='ocrx_word' id='word_1_198' title='bbox 1537 3448 1728 3515; x_wconf 90' lang='lat' dir='ltr'><strong>modo</strong></span> <span class='ocrx_word' id='word_1_199' title='bbox 1756 3451 1916 3514; x_wconf 86' lang='lat' dir='ltr'><strong>laeva</strong></span> <span class='ocrx_word' id='word_1_200' title='bbox 1944 3450 2199 3514; x_wconf 89' lang='lat' dir='ltr'><strong>Priscus</strong></span> <span class='ocrx_word' id='word_1_201' title='bbox 2228 3451 2430 3532; x_wconf 85' lang='lat' dir='ltr'><strong>inani,</strong></span> 
     </span>
    </p>

    <p class='ocr_par' dir='ltr' id='par_1_23' title="bbox 825 3562 2827 3756">
     <span class='ocr_line' id='line_1_34' title="bbox 826 3562 2827 3648; baseline -0 -16"><span class='ocrx_word' id='word_1_202' title='bbox 826 3568 1007 3632; x_wconf 80' lang='lat' dir='ltr'><strong>Vixit</strong></span> <span class='ocrx_word' id='word_1_203' title='bbox 1036 3564 1386 3648; x_wconf 79' lang='lat' dir='ltr'><strong>inaequalis,</strong></span> <span class='ocrx_word' id='word_1_204' title='bbox 1420 3563 1670 3626; x_wconf 88' lang='lat' dir='ltr'><strong>clavum</strong></span> <span class='ocrx_word' id='word_1_205' title='bbox 1701 3569 1777 3625; x_wconf 94' lang='lat' dir='ltr'><strong>ut</strong></span> <span class='ocrx_word' id='word_1_206' title='bbox 1808 3568 2084 3625; x_wconf 89' lang='lat' dir='ltr'><strong>mutaret</strong></span> <span class='ocrx_word' id='word_1_207' title='bbox 2112 3562 2183 3625; x_wconf 91' lang='lat' dir='ltr'><strong>in</strong></span> <span class='ocrx_word' id='word_1_208' title='bbox 2212 3562 2401 3627; x_wconf 87' lang='lat' dir='ltr'><strong>horas</strong></span> <span class='ocrx_word' id='word_1_209' title='bbox 2424 3591 2443 3643; x_wconf 87' lang='lat'>;</span> <span class='ocrx_word' id='word_1_210' title='bbox 2743 3572 2827 3632; x_wconf 90' lang='grc'><strong>10</strong></span> 
     </span>
     <span class='ocr_line' id='line_1_35' title="bbox 825 3671 2388 3756; baseline -0.003 -12"><span class='ocrx_word' id='word_1_211' title='bbox 825 3677 1102 3744; x_wconf 87' lang='lat' dir='ltr'><strong>AEdibus</strong></span> <span class='ocrx_word' id='word_1_212' title='bbox 1132 3697 1209 3738; x_wconf 86' lang='lat' dir='ltr'><strong>ex</strong></span> <span class='ocrx_word' id='word_1_213' title='bbox 1238 3673 1488 3756; x_wconf 89' lang='lat' dir='ltr'><strong>magnis</strong></span> <span class='ocrx_word' id='word_1_214' title='bbox 1518 3672 1733 3736; x_wconf 89' lang='lat' dir='ltr'><strong>subito</strong></span> <span class='ocrx_word' id='word_1_215' title='bbox 1761 3693 1830 3736; x_wconf 89' lang='lat' dir='ltr'><strong>se</strong></span> <span class='ocrx_word' id='word_1_216' title='bbox 1860 3671 2182 3751; x_wconf 91' lang='lat' dir='ltr'><strong>conderet,</strong></span> <span class='ocrx_word' id='word_1_217' title='bbox 2214 3674 2388 3739; x_wconf 91' lang='lat' dir='ltr'><strong>unde</strong></span> 
     </span>
    </p>

    <p class='ocr_par' dir='ltr' id='par_1_24' title="bbox 825 3784 2193 3864">
     <span class='ocr_line' id='line_1_36' title="bbox 825 3784 2193 3864; baseline -0.003 -10"><span class='ocrx_word' id='word_1_218' title='bbox 825 3788 1134 3854; x_wconf 88' lang='lat' dir='ltr'><strong>Mundior</strong></span> <span class='ocrx_word' id='word_1_219' title='bbox 1162 3785 1361 3850; x_wconf 89' lang='lat' dir='ltr'><strong>exiret</strong></span> <span class='ocrx_word' id='word_1_220' title='bbox 1386 3785 1490 3847; x_wconf 87' lang='lat' dir='ltr'><strong>vix</strong></span> <span class='ocrx_word' id='word_1_221' title='bbox 1519 3784 1855 3848; x_wconf 91' lang='lat' dir='ltr'><strong>libertinus</strong></span> <span class='ocrx_word' id='word_1_222' title='bbox 1885 3784 2151 3850; x_wconf 87' lang='lat' dir='ltr'><strong>honeste</strong></span> <span class='ocrx_word' id='word_1_223' title='bbox 2174 3812 2193 3864; x_wconf 83' lang='lat'>3</span> 
     </span>
    </p>

    <p class='ocr_par' dir='ltr' id='par_1_25' title="bbox 826 3895 2544 3979">
     <span class='ocr_line' id='line_1_37' title="bbox 826 3895 2544 3979; baseline -0.002 -13"><span class='ocrx_word' id='word_1_224' title='bbox 826 3904 867 3966; x_wconf 91' lang='lat' dir='ltr'><strong>J</strong></span> <span class='ocrx_word' id='word_1_225' title='bbox 871 3921 976 3964; x_wconf 90' lang='lat' dir='ltr'><strong>am</strong></span> <span class='ocrx_word' id='word_1_226' title='bbox 1005 3897 1295 3962; x_wconf 89' lang='lat' dir='ltr'><strong>moechus</strong></span> <span class='ocrx_word' id='word_1_227' title='bbox 1325 3897 1570 3973; x_wconf 65' lang='lat' dir='ltr'><strong>Romae,</strong></span> <span class='ocrx_word' id='word_1_228' title='bbox 1595 3896 1733 3979; x_wconf 87' lang='lat' dir='ltr'><strong>jam</strong></span> <span class='ocrx_word' id='word_1_229' title='bbox 1764 3896 1982 3959; x_wconf 90' lang='lat' dir='ltr'><strong>mallet</strong></span> <span class='ocrx_word' id='word_1_230' title='bbox 2013 3895 2239 3965; x_wconf 84' lang='lat' dir='ltr'><strong>doctus</strong></span> <span class='ocrx_word' id='word_1_231' title='bbox 2268 3899 2544 3962; x_wconf 88' lang='lat' dir='ltr'><strong>Athenis</strong></span> 
     </span>
    </p>

    <p class='ocr_par' dir='ltr' id='par_1_26' title="bbox 824 4005 2817 4202">
     <span class='ocr_line' id='line_1_38' title="bbox 824 4005 2559 4091; baseline -0.001 -16"><span class='ocrx_word' id='word_1_232' title='bbox 824 4012 1056 4075; x_wconf 91' lang='lat' dir='ltr'><strong>Vivere</strong></span> <span class='ocrx_word' id='word_1_233' title='bbox 1082 4035 1096 4074; x_wconf 94' lang='lat'><strong>:</strong></span> <span class='ocrx_word' id='word_1_234' title='bbox 1144 4005 1521 4071; x_wconf 89' lang='lat' dir='ltr'><strong>Vertumnis</strong></span> <span class='ocrx_word' id='word_1_235' title='bbox 1551 4012 1868 4088; x_wconf 90' lang='lat' dir='ltr'><strong>quotquot</strong></span> <span class='ocrx_word' id='word_1_236' title='bbox 1897 4015 2049 4070; x_wconf 90' lang='lat' dir='ltr'><strong>sunt</strong></span> <span class='ocrx_word' id='word_1_237' title='bbox 2079 4016 2272 4070; x_wconf 81' lang='lat' dir='ltr'><strong>natus</strong></span> <span class='ocrx_word' id='word_1_238' title='bbox 2301 4009 2559 4091; x_wconf 88' lang='lat' dir='ltr'><strong>iniquis.</strong></span> 
     </span>
     <span class='ocr_line' id='line_1_39' title="bbox 828 4116 2817 4202; baseline -0.003 -13"><span class='ocrx_word' id='word_1_239' title='bbox 828 4128 1064 4190; x_wconf 85' lang='lat' dir='ltr'><strong>Scurra</strong></span> <span class='ocrx_word' id='word_1_240' title='bbox 1092 4116 1495 4193; x_wconf 90' lang='lat' dir='ltr'><strong>Volanerius,</strong></span> <span class='ocrx_word' id='word_1_241' title='bbox 1529 4124 1867 4200; x_wconf 88' lang='lat' dir='ltr'><strong>postquam</strong></span> <span class='ocrx_word' id='word_1_242' title='bbox 1898 4116 1989 4180; x_wconf 92' lang='lat' dir='ltr'><strong>illi</strong></span> <span class='ocrx_word' id='word_1_243' title='bbox 2014 4117 2195 4200; x_wconf 87' lang='lat' dir='ltr'><strong>justa</strong></span> <span class='ocrx_word' id='word_1_244' title='bbox 2226 4118 2530 4202; x_wconf 84' lang='lat' dir='ltr'><strong>cheragra</strong></span> <span class='ocrx_word' id='word_1_245' title='bbox 2741 4127 2817 4186; x_wconf 81' lang='lat'><strong>15</strong></span> 
     </span>
    </p>
   </div>
   <div class='ocr_carea' id='block_1_12' title="bbox 1092 4289 2557 4359">
    <p class='ocr_par' dir='ltr' id='par_1_27' title="bbox 1092 4289 2557 4359">
     <span class='ocr_line' id='line_1_40' title="bbox 1092 4289 2557 4359; baseline 0.002 -21"><span class='ocrx_word' id='word_1_246' title='bbox 1092 4293 1201 4338; x_wconf 77' lang='lat'><strong>108.</strong></span> <span class='ocrx_word' id='word_1_247' title='bbox 1242 4290 1536 4359; x_wconf 67' lang='lat' dir='ltr'><strong>vei-naliter.</strong></span> <span class='ocrx_word' id='word_1_248' title='bbox 1675 4289 1781 4335; x_wconf 85' lang='lat'><strong>109.</strong></span> <span class='ocrx_word' id='word_1_249' title='bbox 1819 4289 2108 4349; x_wconf 71' lang='lat' dir='ltr'><strong>praelibans.</strong></span> <span class='ocrx_word' id='word_1_250' title='bbox 2247 4292 2324 4338; x_wconf 88' lang='lat'><strong>13.</strong></span> <span class='ocrx_word' id='word_1_251' title='bbox 2361 4293 2557 4341; x_wconf 83' lang='lat' dir='ltr'><strong>doctor.</strong></span> 
     </span>
    </p>
   </div>
  </div>
 </body>
</html>
