3025 4776
992 256 1462 314 SATIRARUM
1533 257 1691 312 LIB.
1751 257 1842 316 II.
1903 258 1978 315 iii.
2580 263 2686 321 171

277 423 365 485 20
408 421 729 484 Excussus
756 416 1024 501 propriis
1051 442 1065 480 ε
1112 417 1268 480 olim
1297 438 1448 481 nam
1478 438 1761 501 quaerere
1792 420 2108 499 amabam,

411 531 559 595 Quo
588 528 763 592 vafer
790 527 898 590 ille
927 525 1119 609 pedes
1152 527 1405 590 lavisset
1439 528 1752 611 Sisyphus
1782 550 1926 608 aere,

409 637 587 705 Quid
611 638 938 720 sculptum
966 635 1235 714 infabre,
1268 637 1420 719 quid
1450 637 1666 700 fusum
1697 639 1916 703 durius
1948 646 2112 703 esset
2134 665 2153 718 ς

409 748 694 812 Callidus
723 746 877 810 huic
907 746 1092 828 signo
1123 747 1437 829 ponebam
1466 747 1647 811 milia
1686 757 1946 812 centum
1969 777 1988 827 3

300 847 311 862 ⁵
410 857 656 920 Hortos
686 855 1097 938 egregiasque
1128 855 1351 919 domos
1380 857 1721 920 mercarier
1748 880 1917 922 unus

276 970 360 1031 25
410 968 578 1032 Cum
607 967 785 1029 lucro
813 986 1038 1028 noram
1066 990 1079 1029 z
1127 964 1299 1029 unde
1325 965 1686 1049 frequentia
1713 967 2100 1031 Mercuriale

409 1074 778 1156 Imposuere
808 1071 967 1135 mihi
999 1093 1356 1153 cognomen
1386 1074 1682 1156 compita.
1771 1075 1963 1152 Novi,

408 1185 498 1246 Et
528 1180 725 1245 miror
752 1181 962 1245 morbi
991 1189 1334 1264 purgatum
1364 1189 1429 1246 te
1457 1182 1651 1246 illius.
1741 1183 1948 1266 Atqui
2298 1195 2403 1224 Μ’*-
2425 1184 2474 1224 E·
2497 1185 2532 1226 ¹·
2554 1185 2589 1225 ¹·
2610 1187 2673 1225 3⁵·

407 1291 665 1355 Emovit
693 1299 972 1355 veterem
999 1291 1159 1354 mire
1188 1312 1412 1369 novus,
1443 1300 1520 1354 ut
1549 1291 1731 1370 solet,
1763 1293 1834 1355 in
1862 1313 1972 1356 cor

409 1402 551 1484 Traj
561 1409 701 1464 ecto
730 1401 945 1463 lateris
973 1400 1189 1464 miseri
1218 1401 1521 1483 capitisve
1551 1400 1767 1464 dolore
1793 1427 1807 1465 ε

280 1515 366 1576 30
411 1514 508 1576 Ut
535 1511 922 1592 lethargicus
951 1510 1059 1574 hic
1089 1531 1238 1574 cum
1269 1511 1343 1572 fit
1370 1510 1550 1593 pugil
1581 1518 1649 1572 et
1677 1509 1993 1574 medicum
2023 1501 2254 1592 urget(

410 1622 586 1684 Dum
615 1641 696 1683 ne
726 1620 878 1702 quid
907 1621 1113 1683 simile
1141 1620 1315 1698 huic,
1346 1628 1481 1684 oeto
1502 1620 1769 1684 utlibet.
1817 1622 1874 1684 Ο
1896 1620 2084 1698 bone,
2104 1641 2186 1683 ne
2205 1629 2271 1682 tc

408 1732 761 1808 Frustrere‚
791 1730 1032 1793 insanis
1062 1739 1128 1794 et
1157 1739 1233 1794 tu
1261 1731 1571 1814 stultique
1600 1752 1792 1814 prope
1822 1752 2068 1808 omnes,
2290 1735 2391 1774 pm·
2414 1723 2522 1814 {5¹1
2562 1754 2569 1762 ·
2644 1754 2654 1764 ·

414 1841 485 1904 Si
515 1840 667 1923 quid
698 1840 1044 1932 Stertinius
1073 1841 1205 1903 veri
1236 1848 1472 1924 crepat,
1505 1841 1675 1904 unde
1705 1863 1824 1924 ego
1852 1842 2018 1904 mira

411 1949 733 2033 Descripsi
764 1948 984 2012 docilis
1012 1956 1331 2032 praecepta
1357 1949 1518 2027 haec,
1549 1957 1835 2032 tempore
1866 1970 1993 2032 quo
2024 1971 2128 2013 me

281 2062 363 2123 35
413 2059 666 2123 Solatus
687 2058 883 2142 jussit
912 2058 1261 2140 sapientem
1291 2078 1547 2140 pascere
1576 2058 1842 2121 barbam

408 2169 626 2250 Atque
656 2189 694 2230 a
721 2166 1013 2230 Fabricio
1041 2187 1174 2229 non
1203 2167 1453 2230 tristem
1482 2174 1677 2249 ponte
1706 2167 1958 2231 reverti.

409 2277 583 2339 Nam
613 2276 778 2338 male
807 2296 876 2338 re
907 2283 1085 2357 gesta
1115 2295 1264 2338 cum
1293 2275 1517 2338 vellem
1548 2275 1806 2338 mittere
1835 2282 2059 2358 operto

411 2386 528 2450 Me
558 2386 764 2470 capite
793 2386 861 2448 in
895 2384 1159 2462 flumen,
1192 2382 1414 2447 dexter
1445 2382 1628 2446 stetit
1657 2392 1744 2462 et,
1780 2384 1948 2448 Cave
1978 2383 2137 2448 faxis

411 2498 500 2561 Te
534 2497 873 2579 quicquam
927 2494 1267 2576 indignum
1294 2518 1308 2557 ε
1377 2494 1603 2576 pudor,
1654 2494 1886 2576 inquit,
1942 2501 2007 2556 te
2057 2494 2263 2556 malus

716 2604 917 2686 angit,

279 2725 368 2785 40
413 2720 682 2783 Insanos
711 2719 822 2801 qui
852 2718 1020 2782 inter
1049 2737 1302 2780 vereare
1331 2716 1597 2779 insanus
1627 2715 1867 2779 haberi.

411 2830 703 2893 Primum
730 2848 882 2890 nam
910 2827 1254 2909 inquiram,
1289 2826 1443 2909 quid
1472 2825 1558 2888 sit
1585 2826 1795 2889 furere
1817 2852 1838 2904 3
1892 2824 2016 2888 hoc
2047 2825 2102 2887 si
2151 2825 2273 2888 erit

711 2940 782 3003 in
809 2948 876 3003 te

415 3053 586 3130 Solo,
618 3051 710 3114 nil
741 3050 936 3128 verbi,
968 3071 1186 3133 pereas
1218 3049 1373 3134 quin
1406 3048 1678 3126 fortiter,
1711 3049 1962 3112 addam.

415 3163 625 3228 Quem
653 3161 823 3224 mala
852 3160 1129 3223 stultitia
1157 3168 1223 3223 et
1254 3179 1720 3242 quemcumque
1747 3159 2004 3222 inscitia
2029 3160 2159 3223 veri

414 3273 671 3336 Caecum
704 3271 859 3353 agit,
889 3271 1188 3334 insanum
1219 3269 1560 3353 Chrysippi
1589 3269 1872 3351 porticus
1902 3277 1967 3333 et
1999 3292 2150 3352 grex
2302 3293 2403 3336 cnr.
2427 3295 2467 3335 s
2489 3295 2525 3336 1.
2545 3297 2582 3335 3.
2605 3296 2692 3337 127.

278 3388 363 3447 45
409 3386 745 3448 Autumat.
839 3384 1000 3446 Haec
1030 3383 1316 3465 populos,
1340 3382 1477 3445 haec
1500 3403 1767 3463 magnos
1797 3382 2071 3444 formula
2094 3402 2276 3464 reges

411 3494 695 3578 Excepto
724 3493 1009 3575 sapiente
1038 3500 1241 3557 tenet.
1327 3493 1527 3555 Nunc
1558 3490 1789 3574 accipe,
1821 3511 2015 3572 quare

411 3603 745 3685 Desipiant
775 3623 998 3666 omnes
1030 3623 1210 3684 aeque
1240 3622 1314 3665 ac
1342 3607 1436 3679 tu,
1470 3601 1582 3683 qui
1610 3600 1731 3664 tibi
1760 3621 1996 3664 nomen

414 3712 653 3776 Insano
681 3732 967 3795 posuere.
1057 3711 1256 3774 Velut
1285 3710 1479 3787 silvis,
1509 3709 1622 3774 ubi
1654 3710 1884 3792 passim

412 3822 716 3885 Palantes
746 3843 921 3885 error
950 3828 1125 3886 certo
1156 3820 1234 3884 de
1263 3820 1525 3883 tramite
1553 3821 1753 3903 pellit,

284 3933 371 3994 50
416 3932 538 3995 Ille
567 3932 1005 3996 sinistrorsum
1034 3931 1138 3995 hic
1170 3932 1574 3996 dextrorsum
1603 3931 1758 4009 abit,
1788 3954 1957 3997 unus
1987 3935 2245 4017 utrique

414 4042 632 4119 Error,
665 4041 777 4104 sed
805 4042 994 4105 variis
1021 4041 1237 4105 illudit
1268 4041 1553 4124 partibus
1574 4068 1595 4120 3
1641 4041 1762 4104 hoc
1793 4050 1858 4105 te

413 4151 618 4216 Crede
648 4151 841 4216 modo
869 4152 1189 4230 insanum,
1220 4152 1423 4216 nihilo
1453 4160 1529 4215 ut
1558 4151 1902 4234 sapientior
1931 4153 2057 4230 ille,
