3025 4776
936 265 1410 324 SATJRARUM
1467 264 1622 321 LIB.
1679 264 1734 321 I.
1779 261 1852 318 vi.
2507 263 2615 318 153

331 434 480 500 Quo
509 428 688 516 pueri
716 430 966 512 magnis
995 450 1030 494 e
1060 427 1539 493 centurionibus
1567 426 1715 504 orti,
2383 511 2386 512 ⁷

328 545 523 608 Laevo
552 541 839 625 suspensi
871 540 1113 604 loculos
1142 539 1557 621 tabulamque
1584 537 1844 613 lacert0,
2222 551 2283 594 7⁴·
2303 542 2355 585 B·
2376 543 2414 587 1·
2435 544 2471 586 1·
2491 547 2555 587 ω.

196 657 280 721 75
312 653 527 738 ἶΙῐκιιιὲ
554 650 804 716 octonis
830 650 1175 714 referentes
1206 649 1432 713 Idibus
1460 669 1627 713 aera:

331 763 461 829 Sed
487 782 759 846 puerum
789 768 887 826 est
916 782 1105 824 ausus
1136 759 1410 823 Romam
1438 765 1694 843 portare
1725 756 2081 822 docendum

328 873 546 950 Artes,
578 893 735 955 quas
765 870 989 934 doceat
1018 869 1223 952 quivis
1251 889 1444 952 eques
1476 875 1667 951 atque
1696 875 1951 932 senator

336 986 556 1047 Semet
587 988 953 1067 prognatos.
1044 981 1312 1044 Vestem
1340 1000 1677 1062 servosque
1707 985 2042 1063 sequentes

333 1095 419 1157 In
447 1112 682 1176 magno
709 1100 786 1156 ut
814 1090 1047 1175 populo
1077 1090 1132 1153 si
1162 1090 1273 1173 qui
1301 1089 1584 1168 vidisset,
1617 1090 1786 1153 avita

205 1203 293 1265 80
334 1202 436 1265 Ex
464 1223 533 1265 re
560 1200 828 1285 praeberi
858 1206 1151 1283 sumptus
1179 1199 1342 1262 mihi
1373 1198 1659 1263 crederet
1686 1200 1849 1264 illos.

337 1311 486 1395 Ipse
514 1310 675 1374 mihi
704 1317 916 1374 custos
944 1309 1529 1392 incorruptissimus
1558 1330 1780 1375 omnes

337 1422 598 1486 Circum
627 1420 916 1484 doctores
946 1420 1187 1483 aderat.
1281 1418 1456 1486 Quid
1485 1419 1693 1483 multa
1708 1420 1738 1482 ἰ’
1756 1450 1780 1492 x„
1826 1420 2161 1499 Pudicum,

340 1532 473 1598 Qui
501 1531 742 1615 primus
770 1531 1027 1594 virtutis
1053 1530 1279 1608 honos,
1312 1530 1582 1593 servavit
1612 1530 1693 1595 ab
1720 1530 1897 1594 omni

332 1643 490 1706 Non
520 1642 726 1706 solum
755 1643 927 1706 facto
955 1663 1176 1705 verum
1207 1640 1543 1724 opprobrio
1574 1662 1823 1725 quoque
1853 1640 2048 1724 turpi,

211 1755 292 1814 85
336 1752 481 1815 Nec
510 1751 750 1830 timuit,
782 1751 902 1816 sibi
930 1772 1014 1816 ne
1043 1752 1198 1816 vitio
1228 1752 1369 1834 quis
1397 1758 1695 1830 verteret,
1725 1751 1880 1815 olim

338 1862 409 1924 Si
439 1881 644 1946 praeco
673 1883 896 1945 parvas
926 1870 1058 1940 aut,
1091 1869 1168 1926 ut
1196 1862 1321 1925 fuit
1348 1862 1504 1945 ipse,
1537 1869 1790 1926 coactor
2218 1890 2329 1934 pra.
2349 1880 2400 1920 E.
2421 1879 2514 1921 1.7.
2534 1880 2599 1921 ω.

333 1970 669 2035 Mercedes
697 1991 1027 2054 sequerer3
1073 1991 1281 2054 neque
1332 1991 1452 2054 ego
1503 1992 1706 2035 essem
1758 1977 2020 2055 questus
2046 1996 2060 2036 ε
2131 1977 2200 2035 at

549 2079 674 2144 hoc
700 2101 873 2144 nunc

336 2191 513 2255 Laus
541 2190 638 2253 illi
668 2189 936 2255 debetur
964 2196 1031 2254 et
1060 2213 1098 2255 a
1127 2212 1232 2255 me
1260 2190 1468 2274 gratia
1495 2191 1721 2276 major.

334 2301 452 2364 Nil
481 2321 586 2364 me
614 2301 923 2388 poeniteat
952 2322 1178 2364 sanum
1206 2302 1406 2385 patris
1432 2301 1628 2386 hujus
1649 2327 1670 2395 3·
1716 2323 1918 2387 eoque

208 2414 295 2477 90
336 2413 508 2492 Non,
540 2419 618 2475 ut
645 2433 882 2496 magna
908 2411 1054 2476 dolo
1084 2413 1327 2477 factum
1355 2423 1549 2498 negat
1579 2396 1713 2479 esse
1742 2437 1857 2479 suo
1883 2437 2050 2499 pars,

342 2522 533 2590 Quod
562 2543 696 2586 non
722 2521 1035 2605 ingenuos
1063 2522 1296 2587 habeat
1324 2524 1652 2607 clarosque
1680 2533 1993 2608 parentes,

342 2633 448 2697 Sic
477 2653 582 2696 me
611 2631 968 2696 defendam.
1058 2634 1281 2716 Longe
1309 2654 1455 2698 mea
1482 2633 1797 2718 discrepat
1826 2634 1966 2698 istis

335 2742 424 2805 Et
449 2763 571 2807 vox
601 2749 667 2806 et
697 2742 861 2806 ratio
887 2767 901 2805 :
948 2762 1102 2804 nam
1131 2742 1187 2805 si
1214 2750 1444 2807 natura
1464 2744 1723 2828 juberet

337 2853 400 2915 A
429 2852 618 2915 certis
649 2852 831 2915 annis
863 2871 1071 2915 aevum
1100 2873 1380 2916 remeare
1408 2860 1736 2936 peractum

212 2963 294 3023 95
339 2964 553 3044 Atque
584 2962 739 3024 alios
766 2962 977 3045 legere
1007 2961 1088 3025 ad
1116 2961 1356 3025 fastum
1386 2984 1818 3047 quoscumque
1845 2973 2141 3047 parentes

340 3072 611 3154 Optaret
640 3070 761 3134 sibi
794 3072 1080 3154 quisque,
1114 3072 1274 3135 meis
1303 3080 1641 3137 contentus
1670 3073 1970 3140 honestos
2075 3147 2088 3159 ⁰

338 3180 642 3244 Fascibus
670 3188 736 3243 et
765 3180 938 3244 sellis
966 3180 1207 3243 nollem
1234 3180 1396 3243 mihi
1425 3203 1696 3262 sumere,
1728 3183 1989 3249 demens

340 3290 383 3351 J
384 3290 596 3354 udicio
622 3290 814 3373 volgi,
847 3311 1039 3353 sanus
1069 3290 1332 3354 fortasse
1360 3298 1494 3369 tuo,
1529 3292 1698 3374 quod

336 3399 598 3463 Nollem
619 3421 780 3464 onus
797 3399 971 3463 haud
992 3421 1300 3483 umquam
1321 3401 1545 3465 solitus
1565 3411 1816 3486 portare
1837 3404 2200 3469 molestum.

216 3510 514 3576 lOONam
542 3509 703 3573 mihi
734 3510 1039 3574 continuo
1069 3511 1272 3594 major
1301 3513 1638 3594 quaerenda
1664 3514 1829 3578 foret
1855 3536 1957 3579 res
2230 3557 2499 3600 „1434AE
2520 3559 2584 3598 ⁵2.

341 3624 561 3705 Atque
590 3620 911 3683 salutandi
939 3620 1175 3704 plures,
1209 3621 1538 3686 ducendus
1568 3630 1633 3686 et
1660 3646 1827 3689 unus

336 3735 425 3797 Et
455 3752 668 3797 comes
699 3732 879 3809 alter,
912 3732 1012 3795 uti
1038 3753 1121 3795 ne
1151 3734 1322 3797 solus
1351 3753 1537 3797 rusve
1566 3756 1900 3820 peregreve
2236 3764 2389 3806 caan.
2410 3765 2446 3805 1.
2468 3763 2529 3803 ιι.
2550 3764 2616 3803 4¹2.

338 3843 626 3919 Exirem,
657 3841 871 3925 plures
901 3842 1154 3906 calones
1184 3850 1375 3926 atque
1396 3844 1623 3907 caballi
2228 3882 2324 3930 pet.
2345 3879 2451 3920 ιω.
2475 3878 2512 3918 1.
2538 3876 2626 3916 ιω.

248 3982 253 3989 ⁴
336 3951 677 4029 Pascendi,
709 3951 1000 4016 ducenda
1027 3952 1357 4035 petorrita.
1445 3954 1644 4018 Nunc
1672 3956 1833 4020 mihi
1862 3966 2045 4023 curto

215 4065 450 4130 1051oe
480 4063 634 4126 licet
664 4063 840 4126 mulo
867 4063 969 4126 vel
998 4063 1053 4125 si
1080 4063 1237 4127 libet
1266 4084 1469 4146 usque
1498 4066 1869 4147 Tarentum,

337 4175 634 4240 Mantica
663 4174 767 4237 cui
789 4172 1043 4237 lumbos
1061 4195 1251 4239 onere
1269 4175 1508 4238 ulceret
1533 4184 1722 4259 atquc
1745 4201 1938 4264 equoe
1957 4199 2167 4245 armos
2187 4209 2206 4259 3

480 4287 560 4338 76.
590 4286 613 4336 Ρ
638 4290 929 4348 puerumst.
1073 4284 1152 4335 79.
1180 4287 1224 4333 si
1251 4286 1381 4348 quis.
1518 4288 1597 4337 96.
1624 4290 1888 4352 bonustos,
1917 4293 1969 4341 S.
