3025 4776
393 330 506 385 218

396 725 481 780 ραι.
504 725 550 765 o.
571 727 609 766 s.
632 725 776 768 18.15.

400 1502 502 1543 Cin.
522 1501 570 1542 Ο.
590 1502 628 1541 4.
651 1500 687 1541 1.
708 1501 747 1542 4.

398 1848 467 1900 3⁶.
490 1847 540 1888 E.
560 1848 597 1887 2.
618 1848 655 1887 2.
678 1848 767 1888 142.

400 2188 467 2227 39.
489 2174 540 2217 Β.
563 2174 599 2215 1.
618 2176 656 2215 7.
675 2175 740 2216 83.

1146 315 1149 320 ”
1237 327 1302 400 ρ.
1347 328 1663 386 HORATJ
1705 327 1994 385 Fusco]

822 492 966 556 Nec
996 491 1203 556 vicina
1229 492 1448 556 subest
1476 491 1695 555 vinum
1725 492 2007 575 praebere
2036 489 2304 554 taberna

825 605 990 669 Quae
1018 605 1216 687 possit
1246 605 1386 682 tibi,
1419 626 1538 668 nec
1567 604 1863 668 meretrix
1897 603 2183 680 tibicina,
2209 602 2391 685 cujus
2573 687 2576 688 γ
2739 603 2832 663 25

822 715 929 778 Ad
960 716 1298 798 strepitum
1330 716 1519 778 salias
1548 722 1739 779 terrae
1769 715 1977 798 gravis
2003 740 2017 778 :
2067 721 2133 777 et
2161 721 2381 776 tamen
2409 731 2599 794 urges

824 825 866 887 J
870 824 1219 907 ampridem
1250 846 1381 888 non
1412 833 1587 889 tacta
1614 824 1934 908 ligonibus
1966 843 2113 887 arva
2139 822 2492 904 bovemque

823 935 1241 1020 Disjunctum
1272 958 1457 1000 curas
1485 945 1552 1001 et
1583 936 1821 1000 strictis
1850 934 2182 999 frondibus
2222 932 2432 1017 exples
2459 956 2473 996 ε

823 1046 1028 1110 Addit
1058 1068 1217 1131 opus
1246 1047 1430 1130 pigro
1459 1048 1652 1124 rivus,
1685 1046 1739 1109 si
1768 1045 2006 1109 decidit
2035 1043 2259 1121 imber,

823 1157 1043 1221 Multa
1071 1157 1238 1220 mole
1269 1156 1591 1221 docendus
1622 1156 1836 1239 aprico
1867 1176 2122 1238 parcere
2151 1161 2356 1237 prato.
2737 1154 2831 1214 30

822 1266 1020 1340 Nunc
1051 1289 1189 1350 age,
1222 1268 1374 1349 quid
1403 1275 1696 1331 nostrum
1727 1273 2110 1331 concentum
2141 1265 2400 1342 dividat,
2435 1264 2606 1327 audi.

827 1377 1038 1441 Quem
1069 1384 1294 1440 tenues
1324 1375 1591 1440 decuere
1621 1385 1787 1460 togae
1816 1377 2128 1459 nitidique
2158 1376 2390 1459 capilli,

827 1487 1039 1553 Quem
1069 1488 1192 1551 scis
1221 1487 1572 1550 immunem
1607 1489 1855 1552 Cinarae
1885 1488 2197 1572 placuisse
2241 1486 2477 1570 rapaci,

829 1599 1042 1664 Quem
1072 1598 1364 1662 bibulum
1394 1599 1617 1682 liquidi
1649 1600 1859 1663 media
1888 1600 1967 1663 de
2001 1599 2146 1662 luce
2178 1597 2449 1672 Falerni,

829 1709 1006 1772 Cena
1035 1709 1242 1773 brevis
1263 1712 1450 1794 juvat
1479 1719 1546 1774 et
1578 1732 1766 1794 prope
1798 1710 2005 1773 rivum
2037 1731 2299 1772 somnus
2327 1709 2396 1772 in
2425 1707 2624 1771 herba
2643 1733 2663 1786 3
2734 1710 2819 1770 35

827 1820 970 1885 Nec
998 1822 1224 1885 lusisse
1254 1822 1473 1905 pudet,
1506 1823 1617 1886 sed
1646 1844 1778 1887 non
1807 1822 2085 1885 incidere
2114 1821 2360 1884 ludum.

828 1933 982 2001 Non
1013 1932 1156 1995 istic
1185 1932 1443 2015 obliquo
1474 1934 1660 1998 oculo
1688 1956 1831 1997 mea
1859 1933 2191 1997 commoda
2231 1932 2564 2015 quisquam

830 2042 1071 2120 Limat,
1100 2064 1234 2106 non
1263 2043 1409 2106 odio
1439 2043 1711 2106 obscuro
1739 2064 2081 2124 morsuque
2110 2049 2384 2106 venenat
2405 2068 2426 2120 3

831 2153 1072 2216 Rident
1100 2153 1293 2217 vicini
1323 2153 1540 2237 glebas
1569 2161 1635 2217 et
1664 2175 1815 2216 saxa
1842 2160 2228 2217 moventem.

831 2266 998 2329 Cum
1030 2264 1226 2328 servis
1257 2264 1501 2327 urbana
1530 2263 1732 2326 diaria
1759 2264 1983 2327 rodere
2013 2263 2211 2327 mavis
2233 2289 2253 2342 3
2344 2297 2351 2303 ·
2739 2267 2832 2327 40

834 2377 1087 2441 Horum
1121 2383 1196 2439 tu
1224 2375 1294 2437 in
1324 2397 1666 2439 numerum
1696 2383 1847 2439 voto
1875 2374 2026 2439 ruis.
2118 2374 2373 2440 Invidet
2401 2396 2588 2438 usum

832 2488 1193 2570 Lignorum
1223 2495 1289 2549 et
1319 2485 1562 2569 pecoris
1591 2485 1711 2549 tibi
1742 2486 1880 2550 calo
1910 2495 2177 2569 argutus
2207 2494 2273 2550 et
2302 2486 2494 2551 horti.

834 2599 1037 2680 Optat
1065 2595 1362 2679 ephippia
1392 2595 1505 2659 bos
1537 2596 1716 2679 piger
1744 2603 1922 2680 optat
1953 2617 2131 2660 arare
2162 2596 2479 2674 caballus3

835 2710 1051 2775 Quam
1080 2706 1202 2769 scit
1232 2714 1524 2790 uterque,
1555 2706 1782 2786 libens,
1814 2707 2103 2786 censeb0,
2137 2715 2425 2772 exerceat
2454 2715 2678 2770 artem.

1764 3208 1915 3272 XV.

839 3376 1006 3441 (211AE
1038 3373 1121 3437 sit
1148 3372 1397 3456 hiemps
1424 3371 1651 3449 Veliae,
1685 3369 1854 3453 quod
1883 3370 2129 3447 caelum,
2162 3370 2349 3449 Vala,
2384 3369 2653 3449 Salerni,

839 3485 1133 3550 Quorum
1164 3483 1500 3546 hominum
1532 3481 1707 3564 regio
1738 3488 1803 3544 et
1834 3481 2038 3563 qualis
2069 3481 2170 3543 via
2193 3508 2212 3558 3
2253 3481 2428 3563 (nam
2447 3481 2606 3544 mihi
2638 3483 2836 3546 Baias

837 3596 1034 3658 Musa
1060 3614 1478 3677 supervacuas
1508 3591 1853 3669 AntoniuS,
1884 3599 1950 3655 et
1979 3600 2198 3655 tamen
2228 3591 2353 3655 illis

836 3707 953 3770 Me
981 3706 1137 3769 facit
1167 3705 1463 3783 invisum,
1498 3703 1709 3787 gelida
1739 3724 1886 3766 cum
1915 3703 2171 3786 perluor
2201 3702 2374 3766 unda

837 3819 964 3881 Per
992 3794 1274 3880 medium
1303 3816 1529 3899 frigus.
1622 3817 1789 3878 Sane
1817 3823 2098 3878 murteta
2126 3815 2402 3899 relinqui
2796 3820 2837 3879 5

837 3928 1157 4012 Dictaque
1188 3933 1544 3989 cessantem
1575 3924 1784 3987 nervis
1813 3925 2043 3988 elidere
2073 3925 2368 3989 morbum

841 4038 1166 4122 Sulphura
1196 4036 1519 4109 contemni
1552 4036 1728 4099 vicus
1758 4036 1980 4119 gemit,
2011 4036 2262 4100 invidus
2292 4036 2499 4119 aegris,

409 4164 508 4205 0⁰1²-
529 4151 581 4194 13·
603 4152 639 4192 1·
661 4150 726 4192 ¹⁰·
744 4147 809 4188 ¹4·
842 4149 974 4214 Qui
1005 4154 1198 4230 caput
1228 4154 1293 4210 et
1322 4146 1724 4209 stomachum
1755 4167 2110 4229 supponere
2139 4146 2424 4210 fontibus
2453 4147 2692 4210 audent

841 4257 1141 4334 Clusinis,
1178 4256 1544 4339 Gabiosque
1575 4263 1803 4339 petunt
1833 4264 1899 4319 et
1928 4255 2160 4337 frigida
2187 4277 2355 4319 rura.

2185 4436 2220 4463 Ι
