3025 4776
434 321 548 373 260
1233 318 1296 391 Q.
1344 317 1660 375 HORATJ
1715 319 1998 376 HACCJ

855 483 987 549 Qui
1015 484 1158 562 scie,
1192 505 1272 547 an
1303 485 1582 566 prudens
1610 484 1738 549 huc
1768 506 1836 549 se
1864 484 2201 569 projecerit
2233 492 2424 568 atque

856 595 1105 658 Servari
1134 595 1345 658 nolit?
1393 594 1624 673 dicam,
1660 596 1983 678 Siculique
2013 600 2216 678 pc’e‘tae

851 705 1147 768 Narrabo
1175 706 1508 769 interitum
1538 732 1552 770 ε
1601 706 1779 769 Deus
1805 706 2185 769 immortalis
2213 705 2435 770 haberi

852 814 1028 877 Dum
1059 814 1235 899 cupit
1264 815 1699 898 Empedoclea,
1733 814 2062 878 ardentem
2092 815 2362 897 frigidus
2385 817 2654 879 AEtnam
2716 821 2844 880 465

853 923 1133 988 Insiluit.
1227 924 1328 987 Sit
1351 925 1460 1007 jus
1488 924 1805 1006 liceatque
1834 924 2037 1006 perire
2076 923 2321 1007 poeti85

853 1034 1141 1097 Invitum
1174 1033 1284 1116 qui
1314 1042 1542 1112 servat,
1573 1034 1744 1097 idem
1771 1034 1925 1096 facit
1953 1034 2293 1098 occidenti.

850 1145 993 1208 Nec
1023 1145 1219 1208 semel
1248 1145 1369 1208 hoc
1397 1143 1573 1221 fecit,
1603 1165 1745 1223 nec,
1776 1145 1832 1207 si
1860 1153 2176 1207 retractus
2206 1146 2349 1222 erit,
2374 1146 2514 1228 jam

852 1255 995 1318 Fiet
1023 1254 1215 1318 homo
1244 1262 1309 1317 et
1337 1262 1534 1336 ponet
1560 1252 1822 1317 famosae
1849 1253 2077 1316 mortis
2107 1273 2410 1316 amorem.

849 1366 996 1429 Nec
1025 1365 1179 1427 satis
1209 1372 1486 1447 apparet,
1522 1383 1637 1426 cur
1664 1384 1882 1426 versus
1912 1362 2181 1441 factitet,
2212 1372 2434 1427 utrum
2714 1371 2848 1431 470

850 1475 1164 1538 Minxerit
1191 1475 1260 1537 in
1290 1474 1528 1557 patrios
1557 1473 1822 1550 cineres,
1855 1494 1939 1535 an
1967 1474 2152 1537 triste
2182 1473 2465 1537 bidental

850 1584 1133 1648 Moverit
1162 1585 1478 1648 incestus:
1527 1593 1699 1648 certe
1728 1585 1886 1647 furit
1916 1605 1988 1647 ac
2019 1585 2193 1648 velut
2223 1607 2407 1648 ursus

852 1693 1155 1777 Objectos
1184 1715 1389 1758 caveae
1418 1693 1618 1756 valuit
1646 1693 1700 1756 si
1730 1693 2021 1777 frangere
2051 1695 2348 1759 clathroe.

429 1814 638 1869 474-8-1·
661 1815 781 1856 Μῦ-
850 1806 1197 1870 Indoctum
1227 1807 1614 1890 doctumque
1643 1806 1827 1888 fugat
1857 1807 2160 1870 recitator
2189 1808 2450 1871 acerbus
2472 1834 2492 1886 3

853 1918 1064 1983 Quem
1097 1938 1243 1981 vero
1272 1917 1559 2000 arripuit,
1592 1922 1772 1979 tenet
1799 1916 2158 1998 occiditque
2186 1917 2478 1999 legende,
2713 1926 2841 1985 475

850 2030 1007 2093 Non
1035 2028 1308 2092 missura
1337 2034 1552 2091 cutem
1582 2027 1706 2090 nisi
1735 2026 1922 2110 plena
1952 2027 2191 2090 cruoris
2220 2027 2471 2092 hirudo·

1632 2193 1749 2242 462.
1784 2193 2048 2257 dejecerit.

1559 3053 1787 3111 FINIS
1823 3053 2135 3113 TEXTUS.
