3025 4776
310 1363 450 1421 ἢ45

368 3309 456 3370 10

374 3891 458 3951 15

1085 267 1534 327 CARMINUM
1601 269 1758 330 LIB.
1801 270 1926 328 III.
1969 268 2064 327 vii.

623 429 752 492 Sed
781 427 1171 493 rusticorum
1200 430 1487 495 mascula
1514 430 1799 496 militum

623 538 865 617 Proles,
902 538 1173 603 Sabellis
1202 539 1395 604 docta
1423 540 1746 623 ligonibus

704 649 981 714 Versare
1011 649 1249 733 glebas,
1283 657 1350 714 et
1378 672 1615 717 severae

793 759 1031 825 Matris
1061 760 1143 824 ad
1170 760 1509 826 arbitrium
1539 762 1774 828 recisos

622 896 888 959 Portare
918 894 1142 974 fustes,
1174 895 1269 959 sol
1299 894 1413 960 ubi
1442 897 1765 969 montium

624 1005 918 1069 Mutaret
946 1004 1208 1069 umbras
1237 1011 1303 1070 et
1324 1006 1487 1089 juga
1516 1007 1801 1073 demeret

708 1116 929 1180 Bobus
956 1116 1266 1200 fatigatis,
1297 1117 1580 1181 amicum

798 1226 1076 1311 Tempus
1105 1248 1301 1310 agens
1331 1226 1611 1292 abeunte
1641 1249 1855 1294 curru.

624 1360 953 1424 Damnosa
982 1361 1135 1445 quid
1165 1382 1298 1425 non
1326 1361 1655 1426 imminuit
1683 1363 1818 1427 dies
1847 1364 1860 1427 !

623 1470 811 1534 AEtas
840 1477 1201 1554 parentum,
1232 1472 1411 1555 pejor
1440 1472 1594 1550 avis,
1625 1473 1780 1536 tulit

711 1579 854 1644 Nos
882 1581 1241 1663 nequiores,
1274 1602 1426 1644 mox
1459 1582 1724 1647 daturos

798 1681 1183 1776 Progeniem
1212 1691 1620 1757 vitiosiorem.

1283 2117 1449 2181 VII.
1527 2106 1535 2114 ⁶

631 2263 816 2329 Qum
847 2263 982 2342 fles,
1016 2262 1294 2341 Asterie,
1327 2284 1519 2346 quem
1548 2261 1671 2326 tibi
1700 2263 1957 2327 candidi

627 2373 845 2438 Primo
872 2373 1218 2437 restituent
1246 2394 1393 2437 vere
1422 2372 1710 2452 Favonii,

711 2483 941 2568 Thyna
968 2504 1181 2548 merce
1209 2484 1493 2562 beatum,

799 2593 1173 2658 Constantis
1195 2594 1497 2678 juvenem
1527 2594 1672 2673 fide,

631 2729 861 2813 Gygen
882 2731 913 2792 ¹?
1002 2731 1124 2795 Ille
1153 2731 1348 2796 Notis
1376 2740 1558 2797 actus
1588 2731 1668 2796 ad
1701 2733 1968 2799 Oricum

628 2839 785 2903 Post
813 2840 1041 2904 insana
1069 2841 1295 2926 Caprae
1325 2842 1556 2922 sidera,
1586 2843 1852 2927 frigidas

662 3013 669 3016 ,
716 2951 964 3016 Noctes
990 2973 1123 3016 non
1153 2953 1292 3017 sine
1320 2954 1544 3017 multis

801 3061 1126 3126 Insomnis
1153 3063 1433 3128 lacrimis
1463 3063 1618 3148 agit.

628 3197 837 3279 Atqui
865 3198 1154 3263 sollicitae
1184 3200 1453 3264 nuntius
1482 3199 1780 3283 hospitae,

634 3308 963 3392 Suspirare
992 3309 1263 3389 Chloe'n,
1295 3317 1362 3374 et
1390 3311 1691 3375 miseram
1721 3310 1854 3373 tuis

717 3420 956 3484 Dicens
986 3422 1246 3505 ignibus
1272 3421 1399 3501 uri,

803 3531 1105 3614 Temptat
1133 3532 1312 3595 mille
1340 3532 1516 3596 vafer
1545 3531 1777 3595 modis.

633 3667 730 3731 Ut
761 3666 1051 3731 Proetum
1079 3667 1312 3731 mulier
1340 3666 1582 3751 perfida
1609 3667 1942 3731 credulum

638 3775 837 3839 Falsis
867 3776 1196 3860 impulerit
1225 3776 1602 3841 criminibus
1633 3777 1827 3840 nimis

719 3891 914 3954 Casto
942 3890 1424 3976 Bellerophonti

806 4000 1142 4065 Maturare
1168 4023 1415 4080 necem,
1448 4002 1662 4066 refert.

635 4132 875 4198 Narrat
905 4156 1087 4218 paene
1117 4135 1340 4198 datum
1371 4135 1566 4200 Pelea
1593 4138 1881 4216 Tartar0‚

635 4243 1050 4327 Magnessam
1082 4245 1481 4328 Hippolyten
1512 4245 1667 4309 dum
1696 4247 1864 4330 fugit
1896 4246 2258 4310 abstinens:

2193 4350 2237 4398 G
2271 4353 2301 4396 2

2707 274 2780 328 63

2380 467 2488 498 m.
2509 459 2560 498 A.
2585 456 2630 498 Ρ.
2653 458 2741 498 402.

2381 1264 2445 1301 4⁴·
2466 1250 2517 1291 Ε.
2538 1251 2574 1291 1.
2595 1250 2658 1291 10.
2677 1250 2716 1291 7.

2382 1501 2447 1550 46.
2468 1498 2516 1541 C.
2537 1499 2574 1539 1.
2594 1500 2657 1539 ³5.
2678 1499 2742 1539 35.

2396 3339 2486 3368 eus.
2509 3327 2588 3378 Ep.
2612 3326 2672 3366 ll'.
2695 3326 2756 3366 10.
