3025 4776
293 502 382 562 20

297 1057 380 1118 25

299 1611 386 1670 30

303 2167 384 2226 35

309 3833 392 3894 50

1007 338 1447 395 EPISTOLAR
1458 338 1578 395 ΠΜ
1650 339 1804 395 LIB.
1867 340 1922 396 Ι.
1979 339 2017 396 i.
2617 309 2724 401 199

473 499 570 563 Ut
597 519 720 562 nox
753 499 965 584 longa,
997 501 1231 584 quibus
1261 502 1573 565 mentitur
1602 502 1827 584 amica,
1860 502 2122 587 diesque

471 611 700 694 Longa
727 610 980 675 videtur
1009 625 1167 696 opus
1195 612 1595 691 debentibus,
1629 620 1704 677 ut
1733 613 1914 697 piger
1943 635 2150 677 annus

469 721 760 806 Pupillis,
793 743 953 804 quos
981 722 1142 786 dura
1167 723 1404 806 premit
1434 724 1732 788 custodia
1752 732 2036 788 matrum
2062 750 2077 788 ε

471 833 577 896 Sic
605 832 770 896 mihi
787 833 972 897 tarda
987 834 1199 897 fluunt
1220 834 1597 917 ingrataque
1619 842 1925 918 tempora,
1952 856 2094 917 quae
2117 856 2296 917 spem

470 943 955 1028 Consiliumque
985 952 1319 1009 morantur
1347 945 1577 1029 agendi
1606 946 1854 1010 naviter
1881 945 1967 1014 id.
2001 945 2172 1028 quod
2229 995 2236 1006 .

470 1053 682 1136 AEque
711 1054 1094 1139 pauperibus
1122 1053 1400 1138 prodest,
1432 1054 1855 1139 locupletibus
1886 1076 2091 1138 aeque,

471 1165 685 1247 AEque
715 1166 1080 1249 neglectum
1110 1166 1322 1249 pueris
1351 1166 1737 1249 senibusque
1767 1166 2063 1232 nocebit:

473 1276 722 1352 Restat,
753 1284 829 1339 ut
850 1275 952 1338 his
970 1296 1091 1360 ego
1111 1297 1216 1339 me
1236 1276 1371 1359 ipse
1389 1296 1608 1359 regam
1630 1277 1919 1359 solerque
1940 1276 2292 1341 elementis.

470 1385 625 1448 Non
653 1385 858 1468 possis
887 1387 1071 1450 oculo
1103 1393 1415 1469 quantum
1447 1363 1834 1451 contendere
1864 1387 2182 1471 Lynceus,
2319 1405 2429 1457 Lyn.
2452 1409 2492 1448 S.
2517 1408 2551 1449 1.
2572 1409 2610 1448 2.
2629 1410 2694 1450 oo.

468 1496 624 1561 Non
653 1503 870 1561 tamen
900 1497 1138 1562 idcirco
1166 1505 1539 1562 contemnas
1566 1478 1777 1581 lippus
1804 1497 2070 1580 inungi;

473 1607 638 1686 Nec,
671 1608 821 1690 quia
851 1607 1142 1693 desperes
1170 1608 1394 1672 invicti
1422 1608 1714 1672 membra
1746 1608 2077 1692 Glyconis,

471 1718 737 1783 Nodosa
765 1740 993 1803 corpus
1022 1719 1187 1784 nolis
1215 1719 1550 1804 prohibere
1580 1718 1903 1803 cheragra.
2319 1731 2410 1774 che·
2432 1734 2473 1774 8-
2503 1735 2540 1774 2·
2562 1734 2598 1774 ⁷·
2623 1734 2684 1774 15-

470 1834 588 1896 Est
618 1832 893 1915 quadam
922 1832 1174 1916 prodire
1204 1840 1413 1911 tenus,
1444 1833 1499 1896 si
1529 1855 1659 1897 non
1690 1833 1879 1924 datur
1908 1834 2095 1897 ultra.

473 1942 703 2005 Fervet
733 1942 998 2006 avaritia
1024 1944 1383 2026 miseroque
1413 1943 1709 2028 cupidine
1737 1951 1994 2027 pectus:
2318 1974 2384 2014 ³³·
2406 1961 2446 2002 S.
2477 1962 2514 2001 1.
2534 1962 2570 2002 4.
2591 1963 2654 2002 26.

478 2055 645 2116 Sunt
675 2052 868 2115 verba
896 2060 962 2116 et
989 2073 1195 2131 voces,
1229 2053 1460 2136 quibus
1488 2053 1664 2117 hunc
1692 2052 1893 2117 lenire
1922 2052 2208 2118 dolorem

473 2164 687 2228 Possis
715 2171 781 2228 et
807 2184 1109 2245 magnam
1136 2163 1344 2228 morbi
1374 2164 1689 2248 deponere
1718 2170 1989 2248 partem.
2321 2200 2428 2230 mor.
2449 2189 2491 2229 s.
2511 2189 2548 2228 2.
2568 2191 2606 2229 3.
2627 2190 2691 2230 2⁷.

474 2278 714 2342 Laudis
743 2299 958 2342 amore
986 2285 1239 2343 tumes:
1286 2286 1438 2342 sunt
1467 2287 1643 2342 certa
1672 2279 1938 2363 piacula,
1971 2300 2114 2362 quae
2143 2287 2209 2344 te

472 2391 598 2453 Ter
625 2411 781 2473 pure
810 2390 977 2454 lecto
1006 2396 1310 2474 poterunt
1339 2411 1621 2455 recreare
1648 2390 1896 2455 libello:

476 2502 762 2581 Invidus,
792 2502 1158 2581 iracundus,
1188 2503 1380 2581 iners,
1412 2503 1688 2581 vinosus»,
1723 2510 1990 2583 amator,

473 2613 686 2677 Nemo
716 2613 872 2678 adeo
901 2613 1073 2678 ferus
1104 2622 1221 2692 est,
1252 2624 1328 2677 ut
1356 2635 1489 2678 non
1518 2614 1849 2678 mitescere
1877 2616 2100 2700 possit,

478 2725 548 2787 Si
575 2724 769 2789 modo
800 2725 1068 2789 culturae
1095 2724 1449 2808 patientem
1480 2726 1843 2790 commodet
1875 2748 2122 2791 aurem.

473 2834 701 2898 Virtus
732 2842 829 2899 est
856 2835 1087 2898 vitium
1115 2835 1336 2918 fugere
1365 2842 1431 2899 et
1460 2836 1773 2920 sapientia
1801 2835 2009 2919 prima

475 2946 770 3009 Stultitia
799 2948 1094 3012 caruisse.
1184 2946 1405 3024 Vides,
1439 2968 1583 3031 quae
1612 2947 1893 3010 maxima
1920 2945 2124 3010 credis

473 3057 633 3122 Esse
663 3058 854 3136 mala,
888 3058 1193 3141 exiguum
1223 3078 1488 3121 censum
1519 3066 1900 3140 turpemque
1927 3056 2271 3140 repulsam,
2319 3097 2681 3149 rep.0.a.2.17.

477 3168 742 3235 Quanto
772 3167 1011 3231 devites
1041 3167 1240 3230 animi
1270 3167 1623 3251 capitisque
1651 3166 1889 3231 labore.

478 3279 762 3363 Impiger
790 3286 1107 3342 extremos
1137 3277 1339 3342 curris
1370 3284 1685 3342 mercator
1712 3276 1794 3340 ad
1823 3276 2050 3355 Indos,
2319 3305 2384 3349 «ς.
2399 3300 2448 3389 g.
2467 3299 2507 3389 ὲ.
2526 3299 2661 3388 {35³2}

475 3390 601 3453 Per
629 3410 806 3454 mare
834 3389 1201 3473 pauperiem
1228 3389 1501 3472 fugiens,
1532 3408 1644 3472 per
1672 3408 1841 3465 saxa,
1874 3408 1987 3470 per
2016 3387 2233 3471 ignes:
2496 3378 2504 3388 ’
2663 3377 2675 3389 '

473 3500 580 3562 Ne
610 3519 791 3562 cures
822 3519 918 3576 ea,
951 3520 1093 3581 quae
1122 3499 1317 3564 stulte
1347 3498 1599 3562 miraris
1628 3503 1694 3561 et
1723 3505 1928 3579 optas,

474 3609 736 3674 Discere
765 3617 831 3673 et
862 3609 1081 3674 audire
1110 3618 1176 3674 et
1203 3610 1454 3674 meliori
1483 3608 1740 3673 credere
1771 3628 1904 3672 non
1931 3607 2026 3671 vis
2048 3607 2079 3670 Ρ
2321 3621 2692 3713 ιζὲὶῇἱὲιίιεέρὁ·

479 3721 641 3787 Quis
670 3722 914 3786 circum
940 3744 1137 3807 pagos
1166 3729 1231 3786 et
1262 3722 1501 3786 circum
1534 3722 1812 3806 compita
1841 3742 2094 3805 pugnax

477 3832 725 3916 Magna
752 3834 1041 3898 coronari
1070 3841 1441 3897 contemnat
1471 3833 1794 3917 Olympia,
1827 3832 1931 3896 cui
1961 3854 2122 3916 spes,

479 3942 603 4006 Cui
632 3942 716 4005 sit
747 3943 1033 4008 condicio
1063 3943 1265 4009 dulcis
1296 3943 1432 4007 sine
1460 3943 1720 4027 pulvere
1749 3944 1978 4028 palmae
2001 3945 2030 4005 Ρ
2315 3968 2656 4020 pu1.0.1.1.3.

477 4052 690 4116 Vilius
721 4062 1058 4137 argentum
1089 4061 1186 4119 est
1216 4076 1391 4134 aur0,
1422 4054 1768 4118 virtutibus
1799 4075 2051 4118 aurum.

481 4168 539 4231 Ο
571 4167 756 4248 cives,
789 4170 976 4250 cives,
1009 4170 1352 4253 quaerenda
1379 4171 1648 4254 pecunia
1675 4170 1955 4253 primum
1984 4176 2120 4247 est3

783 4350 861 4397 52.
902 4350 1291 4411 ?argcntumst.
1429 4344 1507 4393 53.
1546 4346 1835 4406 primumst.
