3025 4776
1141 349 1300 408 ΑΒΗ
1348 349 1711 408 ΡΟΕΤΙΟΑ.
2528 356 2640 410 251

380 511 864 594 Mobilibusque
896 510 1086 576 decor
1114 513 1362 576 naturis
1392 512 1642 577 dandus
1672 520 1739 578 et
1769 513 1973 577 annis.

386 624 680 708 Reddere
709 625 820 707 qui
849 645 1034 690 voces
1056 625 1196 709 jam
1227 626 1349 690 scit
1377 647 1537 710 puer
1565 634 1632 691 et
1660 626 1820 710 pede
1850 635 2024 689 certo

388 737 617 820 Signat
645 736 942 814 humum,
975 735 1171 819 gestit
1198 734 1457 819 paribus
1487 735 1804 800 colludere
1833 741 1901 798 et
1926 734 2090 797 iram

213 849 343 910 160
388 846 651 929 Colligit
680 865 756 909 ac
783 845 968 928 ponit
997 851 1238 908 temere
1269 851 1337 909 et
1364 853 1658 908 mutatur
1685 845 1757 907 in
1785 843 1995 909 horas.

386 958 729 1023 Imberbus
751 958 1007 1041 juvenis
1036 958 1297 1022 tandem
1328 957 1592 1021 custode
1621 964 1870 1021 remoto

393 1069 649 1134 Gaudet
677 1070 860 1152 equis
888 1068 1278 1151 canibusque
1307 1076 1373 1132 et
1402 1068 1598 1151 aprici
1628 1068 1914 1151 gramine
1942 1067 2171 1152 campi,
2243 1104 2341 1145 apr.
2364 1093 2411 1134 0.
2433 1093 2587 1134 ιω.

392 1183 632 1246 Cereus
660 1180 731 1243 in
758 1180 987 1244 vitium
1016 1180 1211 1258 flecti,
1243 1179 1666 1243 monitoribus
1696 1199 1895 1261 asper,
2243 1221 2327 1250 m.
2349 1209 2400 1268 n.
2419 1210 2458 1250 2.
2478 1211 2515 1248 2.
2535 1211 2575 1249 a.

391 1296 671 1362 Utilium
699 1295 921 1360 tardus
949 1295 1254 1379 provisor,
1285 1294 1590 1378 prodigus
1620 1294 1787 1372 aeris,

222 1409 345 1472 165
395 1407 703 1471 Sublimis
733 1405 1124 1490 cupidusque
1154 1412 1221 1469 et
1250 1412 1465 1469 amata
1490 1406 1850 1488 relinquere
1878 1405 2121 1490 pernix.

393 1516 729 1580 Conversis
759 1513 988 1578 studiis
1017 1521 1173 1579 aetas
1202 1515 1580 1598 animusque
1611 1515 1809 1579 virilis

395 1626 645 1693 Quaerit
673 1646 822 1709 opes
856 1632 922 1690 et
952 1624 1288 1704 amicitias,
1319 1625 1583 1689 inservit
1612 1626 1862 1705 honori,
2244 1666 2352 1710 Μ.
2376 1655 2417 1695 s,
2440 1656 2476 1694 1.
2500 1655 2536 1694 1.
2556 1655 2621 1693 92.

393 1738 803 1803 Commisisse
835 1745 1016 1801 cavet
1046 1737 1217 1820 quod
1246 1758 1393 1802 mox
1423 1746 1675 1801 mutare
1702 1738 1969 1802 laboret.
2251 1824 2259 1832 Ο
2382 1706 2433 1747 E'
2458 1708 2492 1745 ι’
2515 1706 2552 1746 ⁷‘
2574 1705 2638 1745 ⁵⁷'

392 1848 611 1911 Multa
639 1869 858 1913 senem
888 1848 1402 1912 circumveniunt
1429 1848 1856 1927 incommoda,
1888 1849 1992 1912 vel
2020 1848 2191 1932 quod

232 1960 358 2024 170
402 1958 653 2024 Quaerit
681 1967 748 2023 et
775 1958 1050 2024 inventis
1077 1960 1271 2023 miser
1300 1960 1583 2025 abstinet
1611 1980 1686 2023 ac
1714 1959 1907 2023 timet
1934 1961 2058 2037 uti,

394 2069 518 2134 Vel
549 2069 719 2153 quod
745 2091 847 2134 res
875 2090 1097 2134 omnes
1126 2069 1353 2134 timide
1382 2070 1716 2153 gelideque
1744 2070 2087 2149 ministrat,

394 2179 668 2258 Dilator,
701 2200 810 2262 spe
839 2180 1092 2262 longus,
1122 2180 1314 2256 iners,
1348 2179 1695 2262 avidusque
1725 2179 1951 2259 futuri,-

392 2289 706 2367 Difficilis,
740 2289 1063 2372 querulus,
1093 2289 1388 2354 laudator
1416 2290 1721 2373 temporis
1750 2291 1881 2354 acti

398 2399 482 2461 Se
511 2419 729 2482 puero,
761 2400 1105 2482 castigator
1133 2421 1483 2484 censorque
1528 2401 1871 2465 minorum.

234 2510 357 2572 175
406 2509 625 2572 Multa
652 2509 867 2572 ferunt
898 2510 1051 2572 anni
1080 2510 1408 2574 venientes
1438 2511 1775 2575 commoda
1804 2532 2059 2592 secum3

396 2618 615 2681 Multa
643 2619 1013 2683 recedentes
1043 2619 1357 2683 adimunt.
1448 2620 1558 2685 Ne
1585 2619 1750 2683 forte
1780 2621 2008 2685 seniles
2247 2649 2337 2698 ηε.
2359 2646 2408 2688 n.
2428 2648 2465 2688 ε.
2486 2647 2524 2688 2.
2545 2648 2610 2688 σε.

398 2729 798 2794 Mandentur
818 2730 1040 2813 juveni
1069 2737 1280 2813 partes
1307 2749 1632 2813 pueroque
1658 2730 1889 2809 viriles,

403 2839 669 2923 Semper
696 2840 766 2903 in
795 2839 1116 2923 adjunctis
1147 2861 1408 2923 aevoque
1435 2840 1833 2904 morabimur
1862 2841 2049 2925 aptis.

400 2951 539 3014 Aut
568 2951 782 3034 agitur
809 2971 911 3014 res
940 2950 1009 3013 in
1039 2950 1247 3014 scenis
1278 2958 1391 3014 aut
1420 2958 1565 3014 acta
1592 2951 1885 3015 refertur.

231 3063 359 3123 180
406 3060 679 3143 Segnius
708 3060 966 3123 irritant
995 3060 1244 3124 animos
1274 3060 1550 3124 demissa
1578 3082 1691 3144 per
1719 3082 1960 3139 aurem,

403 3172 617 3237 Quam
647 3190 791 3254 quae
821 3177 972 3233 sunt
1001 3170 1202 3233 oculis
1229 3167 1526 3254 subjecta
1553 3170 1867 3248 fidelibus,
1899 3179 1965 3235 et
1995 3194 2138 3256 quae

403 3282 551 3364 Ipse
579 3281 702 3344 sibi
731 3280 930 3344 tradit
959 3270 1285 3363 spectator
1312 3304 1325 3342 τ
1373 3300 1507 3343 non
1538 3287 1757 3344 tamen
1783 3281 1960 3345 intus

401 3388 618 3471 Digna
646 3389 782 3472 geri
810 3409 1061 3473 promes
1090 3389 1160 3451 in
1190 3409 1465 3467 scenam,
1498 3389 1830 3472 multaque
1860 3390 2046 3454 tolles

402 3499 501 3562 Ex
531 3500 755 3577 oculis,
788 3519 931 3582 quae
961 3519 1109 3562 mox
1137 3506 1353 3562 narret
1382 3498 1683 3562 facundia
1710 3521 2010 3583 praesens.

231 3610 356 3673 185
401 3610 507 3674 Ne
536 3630 765 3693 pueros
796 3629 1010 3672 coram
1040 3608 1275 3691 populo
1305 3607 1545 3671 Medea
1572 3607 1872 3686 trucidet,

402 3723 542 3784 Aut
569 3720 854 3783 humana
881 3719 1089 3802 palam
1121 3725 1354 3801 coquat
1381 3726 1529 3782 exta
1556 3719 1835 3783 nefarius
1863 3720 2121 3797 Atreus,

401 3832 542 3895 Aut
570 3830 639 3892 in
669 3851 849 3894 avem
881 3830 1126 3893 Procne
1155 3836 1459 3906 vertatur,
1493 3828 1775 3893 Cadmus
1804 3829 1873 3892 in
1903 3850 2197 3912 anguem.

408 3940 875 4023 Quodcumque
905 3939 1185 4005 ostendis
1215 3939 1372 4001 mihi
1405 3939 1517 4017 sic,
1548 3940 1913 4003 incredulus
1947 3941 2074 4005 odi.

404 4051 588 4115 Neve
618 4051 829 4114 minor
855 4071 983 4114 neu
1012 4050 1096 4114 sit
1126 4050 1352 4131 quinto
1381 4049 1748 4133 productior
1779 4061 1928 4114 actu

239 4162 368 4225 190
411 4161 677 4238 Fabula,
711 4182 853 4244 quae
884 4160 1058 4245 posci
1088 4160 1221 4223 volt
1251 4167 1317 4222 et
1345 4167 1635 4243 spectata
1662 4161 1923 4244 reponi3
2258 4185 2351 4228 rep·
2374 4175 2416 4217 S·
2439 4177 2474 4215 1·
2496 4177 2557 4217 1⁰·
2577 4175 2642 4215 ³⁹·

261 4343 372 4396 157.
408 4346 695 4407 Nobih'bus,
724 4349 781 4396 B,
913 4345 1026 4398 172.
1061 4344 1396 4406 pavidusque,
1423 4346 1562 4393 Bent.
1715 4344 1828 4397 178.
1863 4347 2086 4394 moi-abit
2123 4361 2162 4393 r.
