3025 4776
1081 326 1526 384 CARMINUM
1594 327 1747 383 LIB.
1789 328 1840 385 I.
1886 328 2123 387 xxxviii.
2710 332 2780 388 31

708 496 997 559 Venator
1025 493 1096 557 in
1126 496 1369 579 campis
1398 495 1622 559 nivalis

356 608 447 670 20
796 605 1174 685 Haemoniae,
1208 605 1390 668 daret
1417 614 1493 669 ut
1524 605 1765 669 catenis

572 748 573 751 ’
620 739 839 803 Fatale
869 748 1230 804 monstrum
1251 766 1272 818 3
1320 762 1463 823 quae
1492 740 1860 823 generosius

621 851 838 915 Perire
867 872 1179 934 quaerens,
1211 872 1330 914 nec
1359 851 1758 915 muliebriter

706 961 979 1043 Expavit
1009 981 1247 1038 ensem,
1280 980 1399 1023 nec
1428 960 1687 1025 latentis
1792 959 1800 968 ’

735 1092 745 1113 ‘
795 1069 1014 1133 Classe
1043 1071 1171 1133 cita
1198 1071 1512 1153 reparavit
1543 1092 1727 1136 oras:

359 1205 445 1269 25
621 1206 804 1270 Ausa
832 1212 898 1269 et
919 1207 1242 1288 jacentem
1269 1205 1472 1267 visere
1500 1206 1744 1287 regiam
2380 1247 2443 1290 23,
2464 1238 2512 1280 ο,
2531 1239 2570 1281 4,
2590 1239 2652 1281 14„
2672 1240 2737 1281 35,

627 1317 835 1379 Voltu
862 1337 1106 1393 seren0,
1137 1316 1322 1380 fortis
1352 1325 1419 1379 et
1448 1338 1700 1399 asperas

707 1428 1008 1492 Tractare
1036 1433 1383 1509 serpentes,
1413 1433 1490 1488 ut
1521 1434 1734 1489 atrum

795 1538 1073 1619 Corpore
1103 1534 1493 1599 combiberet
1521 1556 1834 1600 venenum
1856 1564 1876 1616 3
1962 1573 1976 1585 ·

622 1670 995 1735 Deliberata
1021 1679 1228 1734 morte
1256 1671 1546 1749 ferocior,

365 1781 453 1842 30
626 1779 823 1844 Saevis
854 1779 1162 1844 Liburnis
1191 1780 1434 1844 scilicet
1462 1780 1754 1846 invidens

710 1891 964 1955 Privata
993 1891 1222 1955 deduci
1249 1890 1521 1974 superbo

792 2001 949 2066 Non
975 2001 1243 2066 humilis
1270 2001 1501 2065 mulier
1528 2001 1875 2086 triumpho.

2379 1829 2478 1872 m.
2495 1830 2577 1883 Ep.
2596 1831 2687 1874 1.1.

1157 2383 1556 2449 XXXVIII.

708 2533 1034 2597 Pnastcos
1065 2532 1193 2610 odi,
1223 2554 1399 2616 puer,
1434 2539 1773 2616 apparatus
1795 2560 1815 2612 3

708 2643 1071 2726 Displicent
1099 2663 1278 2707 nexae
1307 2643 1558 2726 philyra
1586 2665 1874 2721 coronae3
2382 2678 2470 2708 eor.
2493 2666 2541 2707 c.
2592 2697 2600 2707 .
2651 2698 2659 2707 .

706 2754 907 2817 Mitte
937 2754 1185 2830 sectari,
1215 2775 1362 2816 rosa
1390 2776 1517 2836 quo
1546 2756 1832 2818 locorum

1055 2865 1214 2927 Sera
1241 2872 1550 2927 moretur.

405 3006 445 3064 5
711 3000 1001 3081 Simplici
1029 3009 1242 3084 myrto
1272 3000 1433 3063 nihil
1463 2991 1782 3063 allabores'

712 3111 987 3175 Sedulus
1016 3131 1170 3174 curo
1192 3136 1212 3188 3
1258 3131 1467 3193 neque
1498 3118 1565 3172 te
1592 3109 1960 3172 ministrum

708 3221 994 3302 Dedecet
1022 3229 1294 3304 myrtus,
1318 3242 1532 3303 neque
1561 3241 1665 3283 me
1695 3219 1815 3283 sub
1846 3227 1984 3283 arta
2379 3262 2540 3311 mm,
2560 3261 2598 3302 ⁷.
2618 3262 2682 3302 2⁶.

1052 3332 1208 3394 Vite
1238 3331 1589 3395 bibentem.

989 3506 1070 3554 23.
1104 3505 1346 3555 latentes.
1480 3506 1562 3555 26.
1597 3506 1761 3556 vultu.

2176 4391 2285 4438 Ee
