3025 4776
2584 310 2698 364 231

325 1388 424 1505 Q.
532 1388 1061 1495 HORATI
1188 1387 1697 1494 FLAGOI
1818 1386 2634 1494 EPISTOLAE.

957 1763 1304 1847 LIBER
1419 1760 2034 1846 SECUNDUS.

1430 1937 1489 2001 Ι.

343 2123 347 2132 ,
423 2070 578 2133 Cum
611 2075 711 2133 tot
740 2070 1055 2135 sustineas
1084 2079 1150 2134 et
1178 2077 1363 2134 tanta
1390 2069 1652 2154 negotia
1682 2069 1875 2148 solus,

423 2180 551 2242 Res
580 2180 782 2243 Italas
812 2180 1005 2244 armis
1034 2181 1284 2260 tuteris,
1316 2180 1603 2245 moribus
1642 2202 1852 2258 ornes,
2312 2196 2418 2227 Μ’·-
2439 2185 2485 2226 0·
2507 2186 2621 2225 ³³⁴·
2641 2185 2705 2225 ³⁵·

423 2289 704 2372 Legibus
733 2289 1050 2368 emendes,
1081 2290 1151 2353 in
1178 2289 1436 2374 publica
1464 2290 1801 2355 commoda
1828 2309 2109 2373 peccem,

426 2398 497 2462 Si
524 2399 717 2482 longo
745 2421 1034 2464 sermone
1065 2421 1275 2465 morer
1301 2409 1418 2465 tua
1446 2408 1754 2486 tempora,
1790 2402 2024 2466 caesar.

337 2511 375 2570 5
426 2509 738 2573 Romulus
767 2517 833 2574 et
863 2510 1060 2574 Liber
1085 2518 1267 2594 pater
1296 2518 1362 2574 et
1392 2532 1540 2574 cum
1571 2511 1833 2575 Castore
1862 2510 2111 2588 Pollux,

423 2622 580 2684 Post
610 2621 899 2704 ingentia
924 2620 1096 2684 facta
1123 2621 1387 2685 deorum
1417 2622 1486 2684 in
1514 2622 1754 2706 templa
1780 2622 2040 2705 recepti,

419 2732 597 2795 Dum
628 2739 830 2796 terras
860 2732 1323 2816 hominumque
1353 2733 1575 2798 colunt
1605 2755 1828 2817 geum,
1860 2754 2082 2817 aspera
2101 2732 2267 2797 bella

422 2845 858 2928 Componunt,
887 2864 1072 2927 agros
1104 2844 1452 2927 assignant,
1484 2844 1715 2929 oppida
1742 2844 2047 2922 condunt,

422 2956 759 3019 Ploravere
790 2956 920 3019 suis
950 2977 1081 3020 non
1110 2955 1494 3039 respondere
1523 2956 1806 3020 favorem
2727 3044 2736 3051 ·

297 3069 380 3130 10
426 3068 766 3150 Speratum
795 3067 1059 3132 meritis.
1151 3067 1378 3131 Diram
1410 3067 1519 3149 qui
1547 3068 1838 3131 contudit
1867 3067 2136 3152 hydram
2314 3093 2412 3144 aya.
2434 3093 2481 3135 e.
2502 3094 2540 3135 4.
2560 3095 2596 3133 ι
2618 3093 2681 3134 σι.

422 3177 726 3261 Notaque
756 3177 936 3241 fatali
964 3184 1262 3262 portenta
1292 3177 1508 3241 labore
1537 3177 1810 3261 subegit,

425 3288 758 3371 Comperit
785 3288 1091 3353 invidiam
1121 3310 1420 3372 supremo
1450 3289 1578 3352 fine
1608 3288 1875 3352 domari.
2317 3307 2377 3335 ¹²·
2399 3293 2447 3334 0·
2467 3296 2506 3334 ³·
2527 3296 2590 3334 Ἀ
2612 3295 2676 3334 ³²·

425 3399 579 3463 Urit
607 3399 781 3462 enim
808 3398 1055 3482 fulgore
1085 3421 1224 3478 sue,
1258 3399 1368 3483 qui
1396 3407 1749 3483 praegravat
1779 3406 1945 3463 artes

425 3510 608 3572 Infra
636 3532 704 3574 se
734 3511 1011 3593 positas3
1060 3510 1413 3575 exstinctus
1443 3510 1984 3574 amabitur-idem.

301 3623 379 3683 15
427 3618 737 3685 Praesenti
765 3620 887 3684 tibi
916 3627 1203 3684 maturos
1234 3621 1545 3705 largimur
1582 3622 1859 3685 honores
2308 3652 2421 3693 pm.
2439 3642 2485 3683 e.
2506 3645 2544 3683 ³.
2565 3643 2603 3683 ε.
2623 3642 2661 3683 2.

428 3732 469 3793 J
473 3722 872 3813 urendasque
901 3737 1090 3794 tuum
1119 3752 1233 3816 per
1260 3752 1497 3795 nomen
1525 3731 1822 3815 ponimus
1851 3752 2012 3811 aras,

424 3840 541 3904 Nil
570 3840 890 3905 oriturum
920 3842 1098 3921 alias,
1132 3842 1224 3905 nil
1253 3850 1473 3905 ortum
1500 3841 1632 3905 tale
1660 3841 1955 3907 fatentes.
2319 3865 2378 3906 η.
2402 3855 2449 3896 0-
2469 3857 2507 3895 4-
2529 3856 2566 3895 2·
2587 3854 2650 3895 37-

430 3951 559 4015 Sed
589 3958 738 4014 tuus
768 3952 876 4015 hic
903 3953 1196 4036 populuS,
1228 3952 1475 4036 sapiens
1505 3960 1572 4015 et
1595 3952 1809 4036 justus
1837 3952 1905 4016 in
1935 3975 2086 4032 une,

426 4062 515 4126 'Pe
544 4063 781 4127 nostris
812 4063 1107 4144 ducibus,
1139 4072 1206 4128 te
1239 4062 1429 4129 Grais
1461 4063 1891 4142 anteferendo,

302 4174 384 4234 20
430 4174 657 4238 Cetera
686 4196 1093 4258 nequaquam
1125 4175 1317 4238 simili
1349 4173 1596 4238 ratione
1626 4175 1940 4258 modoque

1136 4309 1213 4358 16.
1248 4325 1455 4358 numen.
