3025 4776
297 2123 460 2234 ‘10

373 3337 464 3397 20

1137 334 1582 393 CARMINUM
1651 332 1804 389 LIB.
1844 332 1932 388 II.
1979 348 2076 388 xx.

712 504 1021 587 caudam,
1053 514 1119 572 et
1148 506 1503 571 recedentis
1532 503 1822 587 trilingui

799 622 931 686 Ore
960 617 1150 705 pedes
1179 616 1521 717 tetigitque
1553 633 1757 678 crura.

1284 983 1432 1047 XX.

626 1122 785 1186 Non
817 1119 1057 1184 usitata
1084 1137 1204 1182 nec
1232 1115 1416 1180 tenui
1444 1115 1614 1178 ferar
1689 1168 1690 1171 ,

627 1234 852 1299 Penna
877 1229 1167 1295 biformis
1198 1248 1309 1313 per
1336 1225 1654 1310 liquidum
1684 1222 1923 1288 aethera

711 1344 950 1408 Vates:
997 1362 1205 1423 neque
1232 1339 1299 1423 in
1329 1337 1518 1401 terris
1546 1334 1874 1415 morabor·

797 1452 1123 1538 Longius:
1171 1448 1538 1531 invidiaque
1567 1445 1775 1528 major

633 1589 847 1655 Urbes
873 1588 1257 1671 relinquam.
1344 1584 1501 1648 Non
1531 1602 1650 1665 ego
1678 1600 2030 1665 pauperum

630 1700 904 1784 Sanguis
933 1705 1296 1783 parentum,
1327 1715 1460 1759 non
1488 1714 1626 1778 ego,
1660 1712 1850 1776 quem
1879 1710 2084 1767 vocas,

622 1833 633 1837 ·
715 1812 965 1877 Dilecte
994 1811 1341 1886 Maecenas,
1375 1806 1589 1884 obibo,
1676 1840 1686 1852 ·

800 1924 946 1988 Nec
977 1921 1205 2006 Stygia
1234 1917 1580 1983 cohibebor
1605 1914 1801 1980 unda.

631 2060 672 2123 J
677 2079 781 2122 am
804 2036 943 2142 jam
970 2055 1260 2121 residunt
1288 2052 1582 2118 cruribus
1612 2069 1847 2134 asperae

630 2169 872 2246 Pelles;
921 2174 989 2240 et
1017 2166 1235 2231 album
1263 2171 1479 2228 mutor
1506 2162 1576 2225 in
1605 2161 1826 2224 alitem

719 2274 1042 2364 Superne:
1087 2282 1566 2358 nascunturque
1594 2273 1762 2336 leves

805 2393 932 2457 Per
962 2388 1197 2474 digitos
1224 2387 1662 2469 humerosque
1683 2382 1940 2468 plumae.

633 2531 675 2595 J
679 2551 785 2594 am
815 2528 1119 2594 Daedaleo
1148 2528 1323 2591 ocior
1352 2526 1540 2590 Icaro

630 2640 859 2704 Visam
888 2637 1204 2723 gementis
1233 2636 1426 2699 litora
1455 2630 1751 2715 Bospori,

724 2750 1069 2835 Syrtesque
1102 2745 1391 2813 Gaetulas
1422 2761 1693 2807 canorus

803 2858 959 2923 Ales
990 2854 1571 2941 Hyperboreosque
1600 2871 1878 2935 campos.

635 2995 751 3058 Me
782 2993 1081 3071 Colchus,
1112 2998 1178 3056 et
1209 2991 1320 3076 qui
1351 2987 1713 3053 dissimulat
1742 2995 1990 3050 metum

636 3109 876 3172 Marsae
904 3103 1184 3198 cohortis
1213 3102 1449 3180 Dacus,
1482 3105 1550 3163 et
1579 3095 1794 3160 ultimi

722 3220 1014 3285 Noscent
1046 3216 1321 3294 Geloni3
1369 3235 1473 3277 me
1501 3211 1747 3296 peritus

810 3330 1033 3395 Discet
1064 3327 1294 3406 Hiber,
1326 3322 1752 3405 Rhodanique
1780 3324 1986 3404 potor.

643 3467 880 3532 Absint
908 3464 1088 3529 inani
1115 3464 1341 3527 funere
1369 3459 1600 3535 neniae,

642 3579 1017 3661 Luctusque
1045 3583 1266 3660 turpes
1294 3580 1361 3637 et
1391 3565 1845 3655 querimoniae:

733 3690 1080 3773 Compesce
1110 3687 1476 3778 clamorem,
1507 3701 1582 3745 ac
1611 3676 1886 3762 sepulcri

815 3799 1019 3865 Mitte
1048 3814 1467 3881 supervacuos
1495 3790 1791 3855 honores.

680 3973 758 4023 11.
780 3985 1022 4036 superna.
1158 3967 1239 4017 13.
1273 3964 1463 4023 notior,
1488 3961 1546 4011 B.
1577 3957 1692 4025 (cp.
1718 3957 1775 4007 C.
1800 3957 1846 4005 3.
1873 3957 1954 4007 14.
1979 3951 2085 4017 11.)

2699 327 2790 381 “51

2394 514 2468 555 tri.
2491 514 2537 556 C.
2558 515 2596 554 3.
2618 515 2679 555 11.
2701 516 2765 556 20.

2390 1592 2425 1635 ς.
2448 1583 2496 1625 0.
2516 1584 2554 1625 3.
2574 1585 2636 1625 30.
2657 1584 2696 1625 6.

2393 1812 2470 1854 dil.
2493 1811 2540 1853 C.
2564 1812 2600 1852 1.
2620 1811 2683 1851 20.
2704 1813 2743 1851 6.

2392 1916 2430 1954 8.
2451 1911 2499 1953 C.
2520 1913 2564 1953 2..
2580 1912 2641 1951 14.
2662 1913 2700 1952 9.

2522 1962 2559 2003 l.
2578 1964 2642 2003 28.
2660 1964 2699 2003 2.

2392 3355 2490 3405 pot.
2513 3353 2560 3394 c,
2579 3354 2618 3394 4.
2640 3353 2702 3393 ιε.
2721 3353 2786 3392 21.
