3025 4776
986 329 1554 390 EPISTULARUM
1627 335 1780 391 LIB.
1842 337 1896 393 I.
1957 335 2015 393 ii.
2577 342 2689 399 201

443 492 727 572 Tolletis,
759 492 944 557 fabri.
1037 496 1275 559 Lectus
1304 496 1570 579 genialis
1599 497 1667 560 in
1697 499 1845 562 aula
1873 507 2006 566 est:

442 603 560 667 Nil
591 604 681 668 ait
712 625 851 669 esse
881 606 1075 688 prius,
1110 607 1337 670 melius
1366 608 1458 670 nil
1489 608 1706 673 caelibe
1735 610 1911 689 vita3

445 717 517 781 Si
547 738 680 781 non
709 725 828 796 est,
854 718 1034 801 jurat
1063 718 1227 782 benc
1257 718 1408 783 solis
1438 741 1576 784 esse
1606 722 1874 786 maritis.
2295 719 2388 760 ⁶⁶¹⁸·
2411 720 2457 811 ἓ
2476 722 2517 811 {ij
2536 722 2692 813 {93⁸3-

312 831 399 894 90
445 829 593 895 Quo
621 835 875 893 teneam
906 831 1123 894 vultus
1152 837 1515 894 mutantem
1546 832 1780 895 Protea
1806 833 1975 898 nodo
1998 834 2028 896 Ρ
2295 843 2667 886 Pro-S-2-8-71-

446 940 623 1006 Quid
651 961 892 1024 pauper
911 940 941 1001 Ῥ
988 940 1188 1003 Ride:
1239 947 1450 1003 mutat
1480 943 1801 1016 cenacula,
1832 943 2054 1023 lectos,

442 1051 709 1128 Balnea,
740 1059 1052 1128 tonsores,
1085 1050 1403 1114 conducto
1432 1052 1690 1134 navigio
1719 1074 1926 1137 aeque·

440 1163 733 1227 Nauseat
764 1183 837 1224 ac
864 1162 1165 1244 locuples,
1200 1182 1393 1244 quem
1423 1161 1601 1225 ducit
1629 1163 1808 1245 priva
1835 1165 2137 1230 triremis,

446 1273 515 1336 Si
547 1279 807 1336 curatus
837 1271 1137 1354 inaequali
1165 1278 1419 1335 tonsore
1451 1273 1712 1356 capillos

315 1387 398 1448 95
447 1383 734 1459 Occurri,
765 1381 1020 1459 ridens3
1068 1381 1123 1444 si
1152 1381 1320 1445 forte
1350 1381 1663 1446 subucula
1691 1405 1868 1468 pexae

444 1496 624 1559 Trita
653 1492 874 1557 subest
904 1492 1140 1556 tunicae
1167 1492 1267 1555 vel
1297 1492 1351 1554 si
1382 1502 1535 1576 toga
1562 1493 1825 1559 dissidet
1854 1496 2084 1579 impar,
2293 1516 2357 1564 9⁶.
2380 1513 2421 1555 s.
2443 1514 2479 1555 1.
2498 1514 2537 1554 ³.
2557 1512 2622 1554 ει.

443 1604 678 1669 Rides:
728 1603 904 1686 quid,
936 1624 1080 1666 mea
1109 1623 1258 1667 cum
1287 1612 1532 1686 pugnat
1561 1607 1881 1669 sententia
1908 1627 2152 1680 secum,

446 1716 638 1783 Quod
668 1715 852 1799 petiit
880 1715 1145 1797 spernit,
1177 1715 1407 1797 repetit
1437 1715 1609 1797 quod
1637 1738 1842 1800 nuper
1870 1718 2108 1782 omisit.

443 1829 706 1892 AEstuat
735 1833 801 1888 et
832 1826 978 1889 vitae
1009 1824 1408 1888 disconvenit
1436 1825 1659 1890 ordine
1688 1834 1850 1905 toto,

277 1947 402 2008 100
446 1942 683 2018 Diruit,
717 1940 1011 2018 aedificat,
1041 1946 1254 2002 mutat
1284 1939 1594 2021 quadrata
1621 1940 1964 2003 rotundis?

188 2052 211 2056 ’
446 2054 738 2120 Insanire
768 2059 955 2136 putas
984 2051 1316 2115 sollemnia
1345 2072 1448 2115 me
1476 2072 1685 2134 neque
1714 2051 1902 2129 rides,

442 2168 586 2230 Nec
617 2165 846 2229 medici
878 2164 1083 2228 credis
1112 2184 1230 2227 nec
1260 2163 1572 2227 curatoris
1602 2183 1788 2245 egere

445 2283 507 2343 A
536 2283 807 2362 praetore
836 2276 992 2355 dati,
1025 2297 1241 2339 rerum
1269 2274 1474 2338 tutela
1500 2295 1793 2337 mearum

446 2391 612 2453 Cum
642 2388 728 2452 sis
757 2395 824 2451 et
853 2409 1047 2470 prava
1073 2393 1323 2451 sectum
1353 2383 1770 2449 stomacheris
1799 2383 1881 2448 ob
1912 2405 2195 2468 unguem

277 2505 400 2566 105
447 2502 547 2564 De
575 2508 641 2564 te
671 2499 1028 2583 pendentis,
1059 2506 1126 2562 te
1157 2497 1550 2581 respicientis
1579 2495 1787 2559 amici.
2296 2508 2385 2549 ποῦ·
2407 2506 2562 2548 8-1·³·
2586 2507 2673 2549 124-

445 2613 551 2677 Ad
580 2633 900 2676 summam
926 2637 940 2675 :
988 2610 1238 2693 sapiens
1268 2630 1398 2672 uno
1429 2606 1640 2671 minor
1669 2615 1767 2671 est
1797 2609 1977 2685 Jove,
2010 2607 2202 2684 dives,

446 2725 663 2801 Liber,
694 2723 1063 2799 honoratus,
1095 2718 1378 2803 pulcher,
1412 2739 1522 2782 rex
1554 2717 1826 2800 denique
1854 2738 2078 2800 regum
2100 2744 2120 2797 3

447 2835 773 2919 Praecipue
803 2855 1019 2912 sanus,
1051 2830 1177 2895 nisi
1208 2852 1358 2895 cum
1386 2829 1625 2913 pituita
1653 2829 1923 2892 molesta
1952 2836 2069 2893 est.
2288 2856 2374 2905 pu.
2396 2854 2438 2895 s,
2458 2855 2495 2894 2.
2516 2854 2554 2894 2.
2574 2854 2638 2895 ⁷⁶.

1230 3220 1329 3283 ΙΙ.

444 3378 737 3441 ΤιιοσΑΝι
768 3372 921 3437 belli
953 3370 1350 3453 scriptorem,
1383 3366 1658 3430 maxime
1690 3363 1877 3440 Lolli,

443 3492 620 3556 Dum
651 3497 726 3552 tu
756 3486 1074 3550 declamas
1106 3486 1351 3558 Romae,
1385 3483 1709 3545 Praeneste
1736 3476 1936 3558 relegi
1960 3500 1978 3552 ς

447 3601 601 3680 Qui,
656 3599 812 3683 quid
863 3597 949 3660 sit
998 3595 1362 3679 pulchrum,
1413 3591 1570 3675 quid
1616 3598 1829 3673 turpe,
1885 3585 2038 3670 quid
2086 3585 2265 3660 utile,

708 3709 863 3794 quid
892 3729 1046 3786 non,

445 3824 711 3889 Planius
742 3842 814 3884 ac
843 3821 1073 3883 melius
1104 3816 1462 3901 Chrysippo
1491 3821 1557 3877 et
1589 3814 1901 3878 Crantore
1931 3808 2107 3872 dicit.

316 3941 355 4000 5
446 3938 579 4002 Cur
606 3936 700 3997 ita
729 3931 1130 4006 crediderim,
1162 3928 1287 3990 nisi
1318 3925 1471 4008 quid
1500 3932 1567 3987 te
1597 3923 1862 4000 detinet,
1896 3919 2066 3984 audi.

445 4043 708 4119 Fabula,
745 4061 871 4124 qua
901 4037 1151 4103 Paridis
1181 4042 1440 4117 propter
1470 4038 1766 4094 narratur
1797 4047 2081 4092 amorem

448 4154 698 4220 Graecia
726 4150 1053 4216 Barbariae
1083 4149 1259 4211 lento
1290 4144 1509 4208 collisa
1538 4141 1770 4218 duello,

302 4330 390 4381 87.
426 4328 661 4378 Paulast.
795 4326 875 4372 94.
913 4325 1167 4370 curtatus.
1308 4316 1414 4363 108.
1453 4310 1785 4361 Pmolest-ast.
1922 4309 1968 4355 4.
2004 4304 2222 4367 plenius.
