3025 4776
407 304 522 364 178

412 512 498 544 ore.
520 501 567 543 C.
588 501 624 543 1.
644 502 707 543 86.
729 499 792 542 10.

416 1389 525 1422 mor.
546 1378 597 1418 Β.
619 1378 655 1419 1.
677 1379 713 1419 1.
734 1380 799 1419 35.

416 1496 508 1538 cub.
531 1496 572 1537 S.
591 1496 630 1536 2.
650 1497 688 1536 4.
708 1496 771 1536 89.

417 1721 520 1772 emp.
542 1721 583 1764 s.
604 1725 641 1763 2.
660 1723 698 1764 2.
718 1723 756 1764 ⁷.

421 3381 515 3422 Pie.
537 3379 579 3420 S.
598 3380 636 3419 2.
656 3379 694 3418 4.
715 3377 777 3418 70.

419 3718 510 3747 eru.
531 3707 579 3748 C.
599 3708 636 3747 2.
656 3709 693 3747 8.
711 3708 770 3746 16.

1201 299 1266 373 Q.
1310 300 1379 356 H
1380 299 1626 358 ORATI
1658 299 1812 356 FLA
1817 297 1949 355 001

837 467 1164 533 Quorsum
1194 464 1425 528 abeant
1446 464 1477 526 ⁴?
1569 462 1770 527 Sanin
1800 470 1975 527 creta
2004 484 2087 526 an
2116 462 2389 528 carbone
2418 462 2687 527 notandi
2708 463 2742 525 ?

836 577 1180 641 AEdificare
1209 596 1402 652 casas,
1434 575 1729 659 plostello
1759 575 1860 657 adj
1868 595 2106 658 ungere
2137 595 2369 652 mures,

838 688 1090 752 Ludere
1117 708 1233 770 par
1259 687 1483 769 impar,
1516 685 1805 768 equitare
1832 685 1902 748 in
1932 684 2243 748 arundine
2270 685 2465 767 longa

840 799 911 863 Si
942 819 1134 881 quem
1163 797 1434 860 delectet
1463 795 1829 874 barbatum,
1861 795 2142 859 amentia
2167 803 2404 859 verset.

839 911 910 974 Si
939 909 1244 993 puerilius
1271 907 1371 971 his
1400 907 1567 971 ratio
1596 928 1733 971 esse
1762 907 2010 971 evincet
2041 927 2275 971 amare.
2699 907 2831 968 250

838 1021 981 1085 Nec
1011 1021 1354 1104 quicquam
1385 1018 1663 1096 differre,
1694 1025 1999 1081 utrumne
2027 1018 2099 1080 in
2127 1018 2404 1100 pulvere,
2437 1015 2671 1080 trimus

840 1133 1045 1199 Quale
1074 1131 1269 1214 prius,
1301 1129 1486 1193 ludas
1514 1150 1695 1212 opus,
1728 1150 1812 1191 an
1840 1128 2195 1192 meretricis
2225 1149 2441 1191 amore

840 1242 1164 1306 Sollicitus
1194 1241 1438 1324 plores3
1486 1259 1724 1323 quaero‚
1754 1237 2030 1301 faciasne
2062 1239 2230 1320 quod
2259 1237 2414 1302 olim

836 1353 1135 1416 Mutatus
1163 1352 1472 1416 Polemon
1492 1352 1523 1413 ?
1553 1371 1751 1433 ponas
1778 1348 2056 1430 insignia
2081 1349 2311 1426 morbi,

838 1464 1177 1541 Fasciolas,
1208 1462 1475 1539 cubital,
1505 1460 1751 1537 focalia,
1782 1439 1973 1542 potus
2002 1469 2077 1523 ut
2106 1459 2214 1523 ille
2699 1459 2826 1520 255

838 1574 1097 1637 Dicitur
1126 1594 1203 1636 ex
1234 1572 1397 1635 collo
1426 1571 1654 1634 furtim
1686 1571 1989 1654 carpsisse
2020 1591 2310 1648 coronas,

839 1687 1190 1766 Postquam
1219 1689 1316 1745 est
1345 1680 1653 1764 impransi
1682 1689 2008 1764 correptus
2037 1702 2188 1744 voce
2218 1679 2556 1763 magistri?
2620 1696 2640 1713 ·

841 1793 1119 1875 Porrigis
1147 1793 1312 1856 irato
1341 1813 1540 1874 puero
1570 1812 1719 1854 cum
1748 1812 1955 1873 poma,
1988 1799 2237 1854 recusat
2263 1815 2278 1854 ε

842 1907 1060 1982 Sume,
1094 1904 1318 1967 catelle
1342 1929 1360 1980 ;
1405 1912 1603 1985 negat
1628 1927 1642 1965 z
1690 1902 1746 1965 si
1774 1922 1906 1965 non
1937 1901 2067 1978 deS,
2100 1909 2278 1985 optet
2304 1926 2317 1964 z
2367 1907 2613 1964 amator

840 2015 1151 2079 Exclusus
1181 2014 1291 2097 qui
1321 2013 1537 2090 distat,
1569 2013 1703 2095 agit
1731 2012 1843 2075 ubi
1873 2032 2109 2089 secum,
2139 2018 2243 2075 eat
2273 2033 2354 2074 an
2383 2032 2538 2088 non,
2699 2014 2831 2075 260

842 2129 991 2193 Quo
1018 2125 1338 2189 rediturus
1367 2132 1504 2188 erat
1533 2145 1666 2186 nou
1697 2123 2051 2199 arcessitus,
2083 2130 2149 2184 et
2177 2120 2380 2185 haeret

841 2237 1073 2301 Invisis
1101 2235 1394 2299 foribus?
1482 2235 1627 2297 Nec
1657 2254 1847 2310 nunc,
1880 2252 2029 2296 cum
2058 2254 2162 2296 me
2190 2239 2378 2297 vocat
2406 2233 2598 2309 ultr0,

839 2346 1216 2413 Accedam?
1261 2366 1343 2409 an
1373 2344 1587 2428 potius
1617 2344 1892 2408 mediter
1921 2343 2105 2407 finire
2135 2344 2430 2409 dolores?

840 2459 1132 2523 Exclusit
1154 2483 1173 2535 ς
1219 2464 1507 2520 revocat:
1555 2455 1811 2518 redeam
1836 2455 1865 2517 P
1952 2456 2126 2531 Non,
2159 2455 2213 2517 si
2243 2455 2548 2519 obsecret.
2635 2456 2804 2518 Ecce

844 2572 1076 2633 Servus
1104 2590 1239 2632 non
1266 2567 1455 2650 paulo
1484 2566 1834 2649 sapientior
1859 2591 1872 2628 ε
1923 2567 1982 2630 Ο
2013 2586 2140 2643 ere,
2174 2588 2314 2647 quoe
2341 2587 2442 2629 res
2701 2569 2828 2630 265

840 2680 983 2741 Nec
1012 2677 1277 2740 modum
1307 2676 1502 2739 habet
1533 2696 1739 2757 neque
1771 2675 2125 2753 consilium,
2154 2676 2402 2740 ratione
2431 2677 2745 2759 modoque

840 2786 1129 2849 Tractari
1159 2807 1289 2849 non
1318 2786 1475 2847 vult.
1569 2787 1654 2849 In
1685 2806 1898 2848 amore
1927 2785 2065 2850 haec
2096 2795 2248 2849 sunt
2276 2788 2465 2866 mala,
2496 2788 2758 2867 bellum,

841 2899 978 2961 Pax
1006 2918 1258 2959 rursum
1288 2921 1301 2959 ε
1349 2896 1487 2959 haec
1518 2895 1570 2958 si
1603 2895 1744 2977 quis
1772 2897 2172 2978 tempestatis
2201 2919 2393 2982 prope
2421 2899 2552 2963 ritu

842 3007 1115 3070 Mobilia
1144 3015 1208 3069 et
1239 3028 1406 3070 caeca
1433 3006 1758 3069 fluitantia
1785 3014 1955 3069 sorte
1986 3006 2229 3070 laboret

846 3116 1136 3180 Reddere
1166 3123 1340 3178 certa
1370 3114 1492 3178 sibi
1519 3141 1533 3179 :
1581 3115 1784 3178 nihilo
1813 3116 1956 3198 plus
1984 3117 2257 3200 explicet
2287 3138 2360 3182 ac
2389 3118 2444 3180 si
2701 3123 2836 3187 270

843 3226 1138 3289 Jnsanire
1167 3233 1347 3309 paret
1376 3232 1552 3288 certa
1578 3225 1826 3289 ratione
1855 3226 2192 3310 modoque.

844 3336 1068 3401 Quid?
1099 3357 1244 3399 cum
1278 3336 1532 3399 Picenis
1561 3357 1899 3420 excerpens
1928 3339 2170 3401 semina
2199 3341 2404 3422 pomis

844 3446 1121 3524 Gaudes,
1154 3448 1209 3510 si
1240 3468 1556 3510 cameram
1585 3449 1863 3531 percusti
1892 3448 2079 3527 forte,
2111 3471 2304 3533 penes
2333 3460 2402 3515 te
2430 3474 2498 3518 es
2520 3456 2550 3518 Ρ

845 3556 1020 3622 Quid
1041 3558 1070 3618 ἲ
1118 3578 1266 3619 cum
1300 3558 1483 3621 balba
1510 3557 1661 3621 feris
1691 3579 1930 3622 annoso
1958 3560 2151 3623 verba
2178 3561 2412 3643 palate,

842 3667 1228 3730 AEdificante
1259 3688 1433 3730 casas
1466 3668 1576 3750 qui
1606 3669 1863 3731 sanior?
1953 3668 2137 3733 Adde
2168 3690 2460 3735 cruorem
2703 3680 2834 3744 275

844 3778 1153 3840 Stultitiae
1184 3785 1377 3860 atque
1406 3778 1623 3861 ignem
1656 3779 1867 3861 gladio
1896 3788 2197 3845 scrutare.
2289 3782 2515 3863 Modo,
2545 3786 2837 3870 inquam,

845 3890 1117 3954 Hellade
1147 3912 1444 3973 percussa
1473 3891 1723 3954 Marius
1753 3911 1900 3954 cum
1931 3893 2285 3976 praecipitat
2315 3917 2405 3974 se,

844 4004 1132 4068 Cerritus
1161 4004 1285 4068 fuit
1308 4005 1338 4066 ⁴?
1385 4025 1467 4067 an
1497 4011 1834 4068 commotae
1863 4005 2130 4069 crimine
2160 4009 2395 4072 mentis

842 4205 954 4253 246.
981 4202 1092 4252 sani
1116 4205 1191 4251 ut.
1281 4204 1394 4251 248.
1419 4202 1724 4259 harundine,
1750 4203 1835 4249 ΗΖ.
1862 4204 1914 4249 F.
2048 4206 2161 4254 254.
2189 4205 2410 4258 Polemo.
2531 4212 2645 4261 259.
2670 4216 2837 4272 optat.

1684 4282 1797 4330 265.
1835 4282 1973 4330 herc.
2566 4290 2582 4306 ⁸
