3025 4776
258 302 328 355 16

261 1059 299 1099 8.
329 1055 377 1098 C.
399 1057 437 1098 1.
459 1056 520 1096 18.
543 1056 607 1097 18.

262 1204 375 1247 Nor.
402 1204 484 1256 Bp.
503 1205 565 1246 17.
592 1204 658 1246 71.

271 2139 373 2192 ny.
404 2142 455 2182 A.
481 2140 524 2182 P.
545 2142 609 2183 01.

263 2611 348 2652 m.
368 2610 450 2662 Ἑρ.
469 2612 533 2653 ιο.
554 2611 617 2653 14.

265 2738 328 2767 υ.
349 2726 399 2768 B.
420 2727 457 2768 1.
476 2728 515 2769 2.
533 2728 599 2768 63.

266 2839 329 2877 ⁸³·
350 2826 397 2868 C.
417 2829 455 2868 3.
476 2828 538 2868 14.
558 2827 621 2868 27.

1093 298 1159 369 ρ.
1206 298 1524 354 HORATJ
1557 296 1710 353 MA
1718 296 1848 353 σοι

1030 468 1238 531 Penes
1267 464 1514 537 iambis,
1547 465 1675 527 sive
1706 464 1966 528 flamma

1121 575 1267 640 Sive
1295 574 1454 638 mari
1483 574 1642 638 libet
1675 573 2027 638 Hadriano·

940 711 1104 775 'Non
1132 709 1569 794 Dindymene,
1598 730 1731 773 non
1761 709 1968 793 adytis
2001 710 2208 792 quatit

946 822 1244 885 Mentem
1274 819 1678 884 sacerdotum
1707 819 1917 914 incola
1947 818 2241 903 Pythius,

1030 932 1188 995 Non
1218 930 1415 995 Liber
1444 951 1647 1013 aeque,
1678 950 1806 993 non
1841 936 2031 992 acuta

1117 1040 1226 1103 Sic
1256 1039 1589 1123 geminant
1620 1037 2018 1121 Corybantes
2048 1059 2197 1115 aera,

947 1172 1187 1238 Tristes
1216 1180 1291 1235 ut
1321 1172 1470 1251 irae3
1521 1194 1676 1255 quas
1704 1192 1912 1253 neque
1943 1171 2223 1235 Noricus

946 1285 1245 1348 Deterret
1275 1283 1466 1359 ensis,
1498 1304 1620 1346 nec
1649 1303 1825 1345 mare
1856 1281 2257 1365 naufragum,

1031 1395 1173 1458 Nec
1200 1415 1402 1456 saevus
1430 1393 1619 1475 igniS,
1651 1413 1771 1455 nec
1800 1392 2133 1456 tremendo

1126 1504 1427 1588 Juppiter
1456 1504 1590 1586 ipse
1619 1524 1814 1566 ruens
1844 1504 2153 1565 tumultu.

947 1640 1180 1704 Fertur
1209 1639 1653 1717 Prometheus,
1687 1637 1918 1702 addere
1946 1638 2218 1721 principi

948 1751 1139 1817 Limo
1168 1757 1426 1813 coactus
1455 1750 1838 1833 particulam
1876 1749 2161 1832 undique

1035 1861 1396 1937 Desectam,
1428 1866 1495 1922 et
1525 1858 1733 1921 insani
1760 1858 1962 1921 leonis

1119 1970 1275 2033 Vim
1306 1968 1637 2033 stomacho
1666 1967 2030 2052 apposuisse
2058 1974 2299 2031 nostro,

951 2107 1076 2172 Irae
1104 2105 1429 2190 Thyesten
1458 2083 1656 2168 exitio
1686 2102 1863 2185 gravi

952 2220 1268 2294 Stravere,
1300 2221 1365 2278 et
1394 2213 1542 2276 altis
1568 2211 1833 2276 urbibus
1861 2212 2107 2277 ultimae

1039 2328 1289 2392 Stetere
1318 2343 1549 2400 causae,
1580 2342 1695 2384 cur
1721 2321 2005 2406 perirent
2099 2365 2103 2370 -

1122 2435 1463 2514 Funditus,
1492 2433 2016 2516 imprimeretque
2043 2432 2247 2495 muris

953 2561 1207 2638 Hostile
1237 2576 1523 2633 aratrum
1552 2567 1867 2631 exercitus
1895 2566 2199 2632 insolens·

946 2685 1293 2765 Compesce
1321 2686 1610 2743 mentem
1636 2703 1649 2741 ε
1697 2698 1803 2740 me
1834 2698 2089 2760 quoque
2118 2677 2395 2760 pectoris

1033 2789 1397 2874 Temptavit
1425 2788 1498 2851 in
1528 2787 1700 2851 dulci
1723 2788 1990 2870 juventa

1120 2901 1377 2976 Fervor,
1409 2906 1476 2962 et
1503 2897 1578 2959 in
1607 2897 1840 2960 celeres
1869 2896 2113 2959 iambos

947 3035 1136 3100 Misit
1164 3034 1523 3098 furentem:
1569 3051 1743 3095 nunc
1773 3051 1892 3113 ego
1913 3030 2179 3094 mitibus

949 3147 1212 3210 Mutare
1243 3166 1458 3229 quaero
1486 3143 1739 3220 tristia3
1783 3142 1939 3205 dum
1968 3142 2131 3206 mihi

1034 3256 1182 3320 Fias
1209 3253 1556 3322 recantatis
1585 3253 1791 3316 amica

1123 3363 1517 3448 opprobriis,
1549 3362 1964 3443 animumque
1991 3362 2238 3427 reddas.
2293 3439 2302 3450 Ι

1565 3672 1793 3736 XVII.

946 3797 1183 3859 Venox
1214 3817 1543 3860 amoenum
1573 3817 1740 3879 saepe
1770 3794 2169 3860 Lucretilem

948 3907 1171 3970 Mutat
1200 3907 1430 3989 Lycaeo
1462 3906 1742 3984 FaunuS,
1775 3914 1840 3968 et
1868 3906 2122 3988 igneam

1033 4013 1339 4080 Defendit
1368 4022 1656 4078 aestatem
1689 4014 1947 4097 capellis

1122 4127 1347 4208 Usque
1376 4124 1557 4204 meis,
1588 4125 1961 4207 pluviosque
2005 4132 2247 4188 ventos.

1511 4291 1592 4338 23.
1630 4291 1869 4338 tentavit.

2598 1283 2681 1345 10

2600 1860 2679 1920 15

2595 2435 2683 2497 20

2598 3035 2680 3097 25
