3025 4776
193 420 276 483 25

189 1002 278 1066 30

193 1580 275 1644 35

193 2761 277 2821 45

197 3338 283 3399 50

928 260 1373 343 cARmNmr
1443 262 1599 321 ΠΒ.
1641 260 1753 321 IV.
1796 278 1886 320 xv.

434 420 564 517 ¹Sic
591 419 986 486 tauriformis
1013 421 1290 487 volvitur
1315 422 1593 488 Aufidus

453 532 588 622 Qui
615 552 817 617 regna
843 532 1064 597 Dauni
1092 533 1368 618 praefiuit
1396 534 1623 619 Apuli,

538 643 710 709 Cum
740 643 938 721 saevit,
973 643 1486 727 horrendamque
1517 645 1707 711 cultis

584 839 591 844 .
624 752 948 818 Diluviem
977 753 1327 819 meditatur
1356 754 1562 839 agris:

452 890 551 956 Ut
579 888 1000 955 barbarorum
1030 889 1338 955 Claudius
1367 891 1628 975 agmina

454 1002 719 1066 Ferrata
744 1006 928 1065 vasto
957 1000 1156 1064 diruit
1185 1000 1451 1086 impetu,

537 1111 917 1194 Primosque
945 1117 1013 1175 et
1041 1117 1360 1175 extremos
1388 1111 1693 1177 metendo

629 1222 873 1285 Stravit
901 1220 1197 1301 humum,
1229 1221 1367 1286 sine
1396 1222 1575 1286 clade
1603 1223 1829 1303 victor,

452 1357 545 1421 Te
574 1354 808 1441 copias,
839 1363 904 1420 te
934 1356 1274 1421 consilium
1302 1365 1369 1422 et
1397 1363 1546 1422 tuos

451 1467 793 1532 Praebente
822 1467 1020 1532 divos.
1110 1468 1309 1546 Nam,
1340 1467 1463 1532 tibi
1494 1488 1622 1552 quo
1651 1467 1753 1533 die

541 1579 775 1644 Portus
802 1578 1208 1644 Alexandrea
1234 1581 1500 1664 supplex

626 1690 718 1754 Et
744 1710 1011 1754 vacuam
1039 1689 1341 1774 patefecit
1370 1690 1606 1770 aulam,

453 1826 743 1890 Fortuna
767 1826 974 1890 lustro
1000 1846 1300 1910 prospera
1327 1825 1522 1890 tertio

453 1937 622 2002 Beni
649 1935 960 2002 secundos
988 1936 1268 2002 reddidit
1297 1936 1528 2015 exitus,

539 2047 958 2132 Laudemque
988 2055 1054 2113 et
1083 2054 1378 2132 optatum
1406 2044 1682 2131 peractis

626 2158 928 2244 Imperiis
957 2157 1150 2223 decus
1182 2158 1521 2242 arrogavit.

454 2294 546 2359 Te
576 2293 898 2359 Cantaber
923 2313 1056 2357 non
1086 2299 1236 2357 ante
1268 2291 1630 2373 domabilis,

454 2404 840 2488 Medusque,
872 2412 939 2469 et
968 2403 1196 2483 Indus,
1228 2410 1294 2468 te
1321 2404 1632 2489 profugus
1664 2405 1938 2492 Scythes

540 2515 846 2594 Miratur,
877 2514 917 2578 o
945 2514 1153 2578 tutela
1180 2535 1455 2599 praesens

628 2625 838 2690 Italiae
870 2609 1272 2708 dominaeque
1316 2626 1582 2692 Romae:

456 2756 568 2836 Te,
599 2755 876 2820 fontium
908 2756 1019 2839 qui
1047 2757 1212 2820 celat
1240 2756 1540 2840 origines,

453 2849 790 2950 Nilusque,
822 2875 888 2931 et
920 2867 1167 2945 Hister,
1197 2873 1264 2931 te
1294 2867 1557 2951 rapidus
1585 2867 1814 2952 Tigris,

542 2977 632 3043 Te
660 2978 958 3042 beluosus
989 2977 1101 3062 qui
1128 2978 1392 3043 remotis
1527 3027 1532 3032 .

626 3088 959 3173 Obstrepit
991 3090 1286 3153 Oceanus
1316 3088 1683 3155 Britannis:

457 3225 547 3288 Te
574 3244 709 3288 non
734 3224 1023 3309 paventis
1052 3223 1283 3289 funera
1313 3224 1544 3289 Gauiae

456 3334 781 3419 Duraeque
810 3335 1002 3399 tellus
1031 3333 1213 3398 audit
1246 3333 1534 3398 Hiberiae
1556 3357 1578 3412 3

543 3446 634 3510 Te
663 3442 837 3509 caede
867 3444 1219 3529 gaudentes
1252 3442 1593 3526 Sygambri

630 3557 1015 3641 Compositis
1043 3563 1433 3620 venerantur
1462 3555 1677 3619 armis.

1132 3890 1282 3955 XV.

462 4023 750 4088 Pnoenus
779 4025 1102 4089 volentem
1133 4024 1358 4107 proelia
1385 4045 1488 4089 me
1517 4024 1696 4108 loqui

461 4133 686 4199 Victas
714 4141 781 4200 et
807 4134 1021 4214 urbes,
1052 4134 1370 4217 increpuit
1398 4134 1575 4219 lyra:

810 4272 891 4321 28.
913 4270 1205 4320 minitatur.
1339 4269 1421 4320 46.
1456 4269 1609 4321 Ister.

2496 263 2608 320 105

2535 432 2576 477 1.

2297 432 2350 525 φρ

2364 433 2404 523 ν-εο

2423 433 2531 475 Ξ

2396 484 2465 603 ¹⁸⁸3-

2476 383 2558 526 δ’.

2203 568 2321 611 prae.
2342 558 2392 603 0.
2468 560 2509 603 8.
2529 558 2594 603 10.

2214 776 2280 820 ¹8.
2299 773 2347 818 0.
2363 774 2406 817 ³.
2426 773 2491 818 29.
2509 773 2576 817 40.

2227 4086 2263 4116 ι.
2285 4073 2335 4117 C.
2354 4074 2392 4118 1.
2403 4076 2443 4119 6.
2463 4074 2526 4116 10.
