3025 4776
329 278 439 333 142

324 782 388 821 99.
411 770 452 811 8.
474 770 510 810 1.
533 771 569 810 l.
590 771 654 811 37.

410 825 462 861 Λ.
484 822 532 862 Ρ.
552 823 721 873 391,eq.

332 2447 419 2485 ιη.
440 2433 482 2474 s.
504 2433 540 2473 1.
560 2433 598 2473 ι.
618 2433 682 2473 75.

328 2534 416 2574 0⁶¹¹*
438 2534 479 2575 Β·
500 2535 537 2574 ²·
557 2536 594 2574 ³·
615 2534 723 2582 ²2⁵³
754 2533 893 2596 Nec
920 2532 1133 2596 vincet
1161 2531 1325 2594 ratio
1353 2531 1499 2608 hoc,
1529 2530 1911 2595 tantundem
1929 2537 2005 2594 ut
2033 2539 2250 2614 peooet
2271 2532 2589 2615 idemque,
2625 2536 2746 2596 115
2803 2491 2810 2496 -

1121 271 1185 345 Q.
1231 272 1300 329 H
1300 272 1548 329 ORATI
1579 272 1868 329 FLAOCI

753 438 916 506 Quis
943 437 1120 522 paria
1148 458 1286 501 esse
1313 436 1446 501 fere
1474 437 1718 521 placuit
1745 442 2026 521 peccata,
2058 436 2352 502 laborant

751 551 918 613 Cum
945 555 1209 612 ventum
1239 547 1321 610 ad
1350 568 1569 611 verum
1599 554 1734 625 est3
1780 569 2002 611 sensus
2030 569 2363 631 moresque
2383 557 2744 633 repugnant

750 662 967 744 Atque
994 659 1133 744 ipsa
1158 659 1429 736 utilitas,
1453 658 1618 742 justi
1647 678 1842 741 prope
1872 664 2079 722 mater
2106 667 2174 722 et
2203 660 2392 743 aequi.

750 772 916 835 Cum
946 777 1398 854 prorepserunt
1427 768 1653 853 primis
1684 769 1985 832 animalia
2013 768 2219 847 terris,

749 880 1016 943 Mutum
1035 885 1100 941 et
1118 885 1305 961 turpe
1322 898 1539 961 pecus,
1560 875 1859 958 glandem
1878 884 2069 960 atque
2088 877 2321 941 cubilia
2336 885 2598 961 propter
2617 880 2743 944 100

750 988 1098 1071 Unguibus
1127 994 1194 1052 et
1222 986 1476 1070 pugnis,
1507 987 1659 1049 dein
1687 986 1985 1064 fustibus,
2020 994 2212 1070 atque
2241 988 2334 1051 ita
2361 1008 2551 1072 porro

749 1099 1138 1183 Pugnabant
1168 1099 1380 1176 armis,
1414 1118 1557 1180 quae
1586 1104 1731 1181 post
1759 1098 2177 1163 fabricaverat
2204 1120 2379 1178 usus,

750 1212 974 1276 Donec
1002 1210 1214 1289 verba,
1249 1210 1480 1293 quibus
1508 1230 1694 1273 voces
1722 1231 2070 1294 sensusque
2099 1217 2418 1288 notarent,

746 1321 1158 1404 Nominaque
1186 1321 1488 1385 invenere
1511 1346 1532 1398 3
1578 1320 1811 1384 dehine
1841 1320 2147 1385 absistere
2175 1322 2368 1400 bello,
2411 1403 2422 1416 ·

751 1431 1003 1514 Oppida
1031 1438 1362 1512 coeperunt
1389 1429 1644 1493 munire
1674 1438 1740 1493 et
1768 1450 2004 1513 ponere
2032 1432 2226 1515 leges,
2620 1432 2742 1494 105

748 1541 855 1604 Ne
886 1540 1030 1622 quis
1058 1539 1165 1601 fur
1192 1546 1360 1602 esset
1388 1559 1518 1602 neu
1546 1539 1712 1602 latro
1741 1560 1869 1603 neu
1899 1540 2042 1623 quis
2071 1540 2344 1604 adulter.

749 1651 928 1713 Nam
956 1649 1083 1712 fuit
1113 1657 1263 1711 ante
1295 1649 1617 1711 Helenam
1648 1669 1898 1712 cunnus
1927 1650 2258 1713 teterrima
2285 1650 2436 1714 belli

751 1762 981 1837 Causa,
1013 1757 1124 1820 sed
1153 1756 1392 1839 ignotis
1419 1756 1749 1839 perierunt
1778 1757 2093 1821 mortibus
2122 1758 2236 1835 illi,

753 1874 935 1938 Quos
964 1888 1260 1932 venerem
1290 1868 1604 1930 incertam
1634 1868 1950 1949 rapientes
1978 1888 2156 1931 more
2185 1868 2463 1932 ferarum

750 1980 1017 2044 Viribus
1046 1977 1278 2042 editior
1306 1976 1612 2054 caedebat,
1644 1986 1721 2042 ut
1749 1977 1818 2040 in
1848 1998 2040 2061 grege
2069 1985 2312 2042 taurus.
2619 1983 2746 2043 110

752 2093 791 2155 J
796 2112 912 2154 ura
938 2090 1198 2153 inventa
1224 2094 1406 2151 metu
1432 2087 1660 2171 injusti
1688 2086 1925 2151 fateare
1949 2107 2207 2152 necesse
2235 2096 2354 2167 est,

748 2202 1063 2284 Tempora
1090 2200 1144 2263 si
1173 2199 1496 2280 fastosque
1524 2198 1680 2262 velis
1709 2199 1993 2262 evolvere
2001 2198 2269 2322 mundi.

751 2314 895 2376 Nec
923 2318 1157 2375 natura
1182 2316 1394 2394 potest
1418 2310 1599 2394 justo
1626 2330 1953 2373 secernere
1997 2309 2132 2392 iniq
2179 2330 2312 2388 um,

751 2421 999 2485 Dividit
1027 2430 1104 2485 ut
1131 2422 1303 2486 bona
1331 2420 1612 2498 diversiS,
1643 2420 1951 2504 fugienda
1979 2441 2057 2504 pe
2173 2422 2311 2484 dis·
2293 2446 2312 2499 3

756 2643 889 2710 Qui
917 2650 1170 2706 teneros
1199 2642 1410 2706 caules
1439 2641 1631 2705 alieni
1659 2640 1923 2724 fregerit
1951 2640 2123 2705 horti

753 2754 841 2817 Et
872 2752 982 2835 qui
1009 2759 1365 2816 nocturnus
1394 2771 1576 2814 sacra
1603 2751 1822 2815 divum
1850 2751 2099 2834 legerit.
2189 2752 2381 2816 Adsit

757 2864 1025 2945 Regula,
1058 2862 1336 2946 peccatis
1368 2882 1510 2944 quae
1543 2883 1764 2944 poenas
1793 2861 2030 2944 irroget
2062 2883 2293 2945 aequas,

754 2972 863 3035 Ne
892 2973 1135 3036 scutica
1165 2971 1432 3053 dignum
1463 2971 1751 3042 horribili
1778 2979 2016 3035 sectere
2045 2972 2317 3054 flagello.

754 3083 933 3146 Nam
964 3090 1039 3145 ut
1067 3082 1274 3145 ferula
1302 3082 1508 3146 caedas
1538 3083 1843 3145 meritum
1871 3083 2118 3166 majora
2147 3083 2362 3147 subire
2625 3089 2751 3148 120

756 3191 1064 3270 Verbera,
1094 3213 1225 3256 non
1253 3212 1493 3269 vereor,
1525 3212 1676 3254 cum
1706 3191 1879 3255 dicas
1908 3213 2045 3255 esse
2073 3214 2255 3276 pares
2282 3214 2384 3257 res

757 3305 959 3366 Furta
984 3301 1332 3365 latrociniis
1362 3309 1428 3365 et
1458 3301 1707 3383 magnis
1736 3322 1928 3385 parva
1955 3302 2214 3365 mineris

758 3414 947 3477 Falce
969 3413 1320 3477 recisurum
1351 3412 1546 3474 simili
1575 3418 1663 3490 te,
1695 3412 1750 3474 si
1780 3412 1903 3476 tibi
1932 3433 2202 3495 regnum

758 3523 1148 3587 Permittant
1177 3523 1490 3585 homines·
1585 3523 1655 3585 Si
1686 3522 1878 3599 dives,
1911 3523 2023 3606 qui
2051 3523 2299 3607 sapiens
2327 3528 2444 3601 est,

757 3634 845 3696 Et
873 3640 1051 3696 sutor
1079 3633 1284 3697 bonus
1314 3639 1380 3695 et
1411 3632 1584 3696 solus
1613 3632 1931 3696 formosus
1960 3638 2026 3697 et
2053 3640 2154 3697 est
2182 3654 2330 3711 rex3
2625 3637 2747 3697 125

753 3744 895 3807 Cur
922 3750 1103 3826 optas
1132 3741 1303 3825 quod
1330 3742 1528 3805 habes
1551 3744 1580 3804 ’ἓ
1656 3743 1815 3807 Νοιι
1842 3743 2036 3821 nosti,
2070 3744 2226 3827 quid
2252 3751 2454 3828 pater,
2486 3744 2715 3829 inquit,

755 3854 1151 3937 Chrysippus
1181 3851 1390 3915 dicat:
1440 3853 1709 3935 Sapiens
1739 3853 2024 3936 crepidas
2053 3854 2178 3918 sibi
2206 3875 2560 3937 numquam

756 3965 900 4028 Nec
928 3964 1129 4027 soleas
1156 3962 1329 4039 fecit,
1361 3969 1542 4027 sutor
1568 3970 1788 4026 tamen
1818 3970 1914 4026 est
1942 3964 2211 4046 sapiens.
2307 3964 2440 4031 Qui
2460 3966 2490 4026 Ρ

758 4078 854 4140 Ut
885 4073 1171 4157 quamvis
1200 4079 1372 4136 tacet
1406 4073 1867 4156 Hermogenes,
1901 4082 2124 4138 cantor
2152 4082 2369 4138 tamen
2400 4081 2592 4155 atque

1235 4236 1314 4286 97.
1355 4235 1648 4286 ?vc·rumst.
1787 4237 1897 4287 111.
1937 4237 1962 4286 P
1986 4241 2267 4287 necessest.
